{
	"StatusCode": 0,
	"StatusInfo": "Request processed successfully.",
	"IsFavouritesFilterAvailable": "No",
	"IsSpecialOffersFilterAvailable": "Yes",
	"FilterBySpecialOfferNumber": "Y",
	"IsNewProductFilterAvailable": "Yes",
	"NewProductsFilterExpression": "Y",
	"PageNumber": 1,
	"TotalPageCount": 28,
	"TotalProductCount": 1088,
	"PageProductCount": 40,
	"Products": [{
			"BaseProductId": "54773661",
			"EANBarcode": "5010204450513",
			"CheaperAlternativeProductId": "",
			"HealthierAlternativeProductId": "",
			"ImagePath": "https://img.tesco.com/Groceries/pi/513/5010204450513/IDShot_90x90.jpg",
			"AlternativeImages": [{
				"Name": "ID Shot",
				"ThumbImageUrl": "https://img.tesco.com/Groceries/pi/513/5010204450513/IDShot_90x90.jpg",
				"HighestResolutionUrl": "https://img.tesco.com/Groceries/pi/513/5010204450513/IDShot_540x540.jpg"
			}],
			"MaximumPurchaseQuantity": 20,
			"Name": "Tesco Everyday Value Milk Chocolate Bar 100G",
			"OfferPromotion": "",
			"OfferValidity": "",
			"OfferLabelImagePath": "",
			"OfferID": "",
			"OfferValidFrom": "",
			"OfferValidUntil": "",
			"Price": 0.45,
			"PriceDescription": " (£0.45/100g)",
			"ProductId": "254381873",
			"ProductType": "QuantityOnlyProduct",
			"IsNew": "False",
			"IsFavourite": "False",
			"UnitPrice": 0.45,
			"CarbonDataAvailable": 0,
			"AddEnabled": "Y",
			"DeleteEnabled": "Y",
			"Message": "",
			"UnitType": "100g",
			"ExtendedInfoUrl": "https://mobile.tesco.com/Embed/product/254381873"
		}, {
			"BaseProductId": "50082661",
			"EANBarcode": "7622210497031",
			"CheaperAlternativeProductId": "",
			"HealthierAlternativeProductId": "",
			"ImagePath": "https://img.tesco.com/Groceries/pi/031/7622210497031/IDShot_90x90.jpg",
			"AlternativeImages": [{
				"Name": "ID Shot",
				"ThumbImageUrl": "https://img.tesco.com/Groceries/pi/031/7622210497031/IDShot_90x90.jpg",
				"HighestResolutionUrl": "https://img.tesco.com/Groceries/pi/031/7622210497031/IDShot_540x540.jpg"
			}, {
				"Name": "Out of Pack/ Lid off",
				"ThumbImageUrl": "https://img.tesco.com/Groceries/pi/031/7622210497031/OutofPack/Lidoff_225x225.jpg",
				"HighestResolutionUrl": "https://img.tesco.com/Groceries/pi/031/7622210497031/OutofPack/Lidoff_540x540.jpg"
			}],
			"MaximumPurchaseQuantity": 99,
			"Name": "Terry's Chocolate Orange Milk Chocolate Box 157G",
			"OfferPromotion": "",
			"OfferValidity": "",
			"OfferLabelImagePath": "",
			"OfferID": "",
			"OfferValidFrom": "",
			"OfferValidUntil": "",
			"Price": 2.00,
			"PriceDescription": " (£1.28/100g)",
			"ProductId": "293749766",
			"ProductType": "QuantityOnlyProduct",
			"IsNew": "False",
			"IsFavourite": "False",
			"UnitPrice": 1.28,
			"CarbonDataAvailable": 0,
			"AddEnabled": "Y",
			"DeleteEnabled": "Y",
			"Message": "This product is only available for delivery from Friday 17th March to Sunday 16th April.",
			"UnitType": "100g",
			"ExtendedInfoUrl": "https://mobile.tesco.com/Embed/product/293749766"
		}, {
			"BaseProductId": "57120272",
			"EANBarcode": "5010204427379",
			"CheaperAlternativeProductId": "",
			"HealthierAlternativeProductId": "",
			"ImagePath": "https://img.tesco.com/Groceries/pi/379/5010204427379/IDShot_90x90.jpg",
			"AlternativeImages": [{
				"Name": "ID Shot",
				"ThumbImageUrl": "https://img.tesco.com/Groceries/pi/379/5010204427379/IDShot_90x90.jpg",
				"HighestResolutionUrl": "https://img.tesco.com/Groceries/pi/379/5010204427379/IDShot_540x540.jpg"
			}],
			"MaximumPurchaseQuantity": 99,
			"Name": "Tesco Everyday Value Milk Chocolate Digestive Biscuits 300G",
			"OfferPromotion": "",
			"OfferValidity": "",
			"OfferLabelImagePath": "",
			"OfferID": "",
			"OfferValidFrom": "",
			"OfferValidUntil": "",
			"Price": 0.44,
			"PriceDescription": " (£0.15/100g)",
			"ProductId": "254308893",
			"ProductType": "QuantityOnlyProduct",
			"IsNew": "False",
			"IsFavourite": "False",
			"UnitPrice": 0.15,
			"CarbonDataAvailable": 0,
			"AddEnabled": "Y",
			"DeleteEnabled": "Y",
			"Message": "",
			"UnitType": "100g",
			"ExtendedInfoUrl": "https://mobile.tesco.com/Embed/product/254308893"
		}, {
			"BaseProductId": "50080323",
			"EANBarcode": "7622300735838",
			"CheaperAlternativeProductId": "",
			"HealthierAlternativeProductId": "",
			"ImagePath": "https://img.tesco.com/Groceries/pi/838/7622300735838/IDShot_90x90.jpg",
			"AlternativeImages": [{
				"Name": "ID Shot",
				"ThumbImageUrl": "https://img.tesco.com/Groceries/pi/838/7622300735838/IDShot_90x90.jpg",
				"HighestResolutionUrl": "https://img.tesco.com/Groceries/pi/838/7622300735838/IDShot_540x540.jpg"
			}],
			"MaximumPurchaseQuantity": 99,
			"Name": "Cadbury Dairy Milk Chocolate Bar 200G",
			"OfferPromotion": "",
			"OfferValidity": "",
			"OfferLabelImagePath": "",
			"OfferID": "",
			"OfferValidFrom": "",
			"OfferValidUntil": "",
			"Price": 2.00,
			"PriceDescription": " (£1.00/100g)",
			"ProductId": "273968548",
			"ProductType": "QuantityOnlyProduct",
			"IsNew": "False",
			"IsFavourite": "False",
			"UnitPrice": 1.00,
			"CarbonDataAvailable": 0,
			"AddEnabled": "Y",
			"DeleteEnabled": "Y",
			"Message": "",
			"UnitType": "100g",
			"ExtendedInfoUrl": "https://mobile.tesco.com/Embed/product/273968548"
		}, {
			"BaseProductId": "50193397",
			"EANBarcode": "7613035219328",
			"CheaperAlternativeProductId": "",
			"HealthierAlternativeProductId": "",
			"ImagePath": "https://img.tesco.com/Groceries/pi/328/7613035219328/IDShot_90x90.jpg",
			"AlternativeImages": [{
				"Name": "ID Shot",
				"ThumbImageUrl": "https://img.tesco.com/Groceries/pi/328/7613035219328/IDShot_90x90.jpg",
				"HighestResolutionUrl": "https://img.tesco.com/Groceries/pi/328/7613035219328/IDShot_540x540.jpg"
			}, {
				"Name": "Out of Pack/ Lid off",
				"ThumbImageUrl": "https://img.tesco.com/Groceries/pi/328/7613035219328/OutofPack/Lidoff_225x225.jpg",
				"HighestResolutionUrl": "https://img.tesco.com/Groceries/pi/328/7613035219328/OutofPack/Lidoff_540x540.jpg"
			}],
			"MaximumPurchaseQuantity": 99,
			"Name": "Kit Kat 2 Finger Milk Chocolate Biscuit 8 Pack 166.4G",
			"OfferPromotion": "",
			"OfferValidity": "",
			"OfferLabelImagePath": "",
			"OfferID": "",
			"OfferValidFrom": "",
			"OfferValidUntil": "",
			"Price": 1.59,
			"PriceDescription": " (£0.96/100g)",
			"ProductId": "292728263",
			"ProductType": "QuantityOnlyProduct",
			"IsNew": "False",
			"IsFavourite": "False",
			"UnitPrice": 0.96,
			"CarbonDataAvailable": 0,
			"AddEnabled": "Y",
			"DeleteEnabled": "Y",
			"Message": "",
			"UnitType": "100g",
			"ExtendedInfoUrl": "https://mobile.tesco.com/Embed/product/292728263"
		}, {
			"BaseProductId": "50530385",
			"EANBarcode": "5000159470315",
			"CheaperAlternativeProductId": "",
			"HealthierAlternativeProductId": "",
			"ImagePath": "https://img.tesco.com/Groceries/pi/315/5000159470315/IDShot_90x90.jpg",
			"AlternativeImages": [{
				"Name": "ID Shot",
				"ThumbImageUrl": "https://img.tesco.com/Groceries/pi/315/5000159470315/IDShot_90x90.jpg",
				"HighestResolutionUrl": "https://img.tesco.com/Groceries/pi/315/5000159470315/IDShot_540x540.jpg"
			}, {
				"Name": "Out of Pack/ Lid off",
				"ThumbImageUrl": "https://img.tesco.com/Groceries/pi/315/5000159470315/OutofPack/Lidoff_225x225.jpg",
				"HighestResolutionUrl": "https://img.tesco.com/Groceries/pi/315/5000159470315/OutofPack/Lidoff_540x540.jpg"
			}, {
				"Name": "Aspirational",
				"ThumbImageUrl": "https://img.tesco.com/Groceries/pi/315/5000159470315/Aspirational_225x225.jpg",
				"HighestResolutionUrl": "https://img.tesco.com/Groceries/pi/315/5000159470315/Aspirational_540x540.jpg"
			}],
			"MaximumPurchaseQuantity": 99,
			"Name": "Galaxy Chocolate Bar 4 Pack 168G",
			"OfferPromotion": "",
			"OfferValidity": "",
			"OfferLabelImagePath": "",
			"OfferID": "",
			"OfferValidFrom": "",
			"OfferValidUntil": "",
			"Price": 1.50,
			"PriceDescription": " (£0.89/100g)",
			"ProductId": "280036005",
			"ProductType": "QuantityOnlyProduct",
			"IsNew": "False",
			"IsFavourite": "False",
			"UnitPrice": 0.89,
			"CarbonDataAvailable": 0,
			"AddEnabled": "Y",
			"DeleteEnabled": "Y",
			"Message": "",
			"UnitType": "100g",
			"ExtendedInfoUrl": "https://mobile.tesco.com/Embed/product/280036005"
		}, {
			"BaseProductId": "58974077",
			"EANBarcode": "5034660520191",
			"CheaperAlternativeProductId": "",
			"HealthierAlternativeProductId": "",
			"ImagePath": "https://img.tesco.com/Groceries/pi/191/5034660520191/IDShot_90x90.jpg",
			"AlternativeImages": [{
				"Name": "ID Shot",
				"ThumbImageUrl": "https://img.tesco.com/Groceries/pi/191/5034660520191/IDShot_90x90.jpg",
				"HighestResolutionUrl": "https://img.tesco.com/Groceries/pi/191/5034660520191/IDShot_540x540.jpg"
			}, {
				"Name": "Out of Pack/ Lid off",
				"ThumbImageUrl": "https://img.tesco.com/Groceries/pi/191/5034660520191/OutofPack/Lidoff_225x225.jpg",
				"HighestResolutionUrl": "https://img.tesco.com/Groceries/pi/191/5034660520191/OutofPack/Lidoff_540x540.jpg"
			}],
			"MaximumPurchaseQuantity": 99,
			"Name": "Cadbury Twirl 4 Pack 136G",
			"OfferPromotion": "Save 79p Was £1.79 Now £1.00",
			"OfferValidity": "valid from 29/3/2017 until 18/4/2017",
			"OfferLabelImagePath": "no POS available",
			"OfferID": "A32179940",
			"OfferValidFrom": "2017-03-29",
			"OfferValidUntil": "2017-04-18",
			"Price": 1.00,
			"PriceDescription": " (£0.74/100g)",
			"ProductId": "267089670",
			"ProductType": "QuantityOnlyProduct",
			"IsNew": "False",
			"IsFavourite": "False",
			"UnitPrice": 0.74,
			"CarbonDataAvailable": 0,
			"AddEnabled": "Y",
			"DeleteEnabled": "Y",
			"Message": "",
			"UnitType": "100g",
			"ExtendedInfoUrl": "https://mobile.tesco.com/Embed/product/267089670"
		}, {
			"BaseProductId": "60663195",
			"EANBarcode": "7613034968340",
			"CheaperAlternativeProductId": "",
			"HealthierAlternativeProductId": "",
			"ImagePath": "https://img.tesco.com/Groceries/pi/340/7613034968340/IDShot_90x90.jpg",
			"AlternativeImages": [{
				"Name": "ID Shot",
				"ThumbImageUrl": "https://img.tesco.com/Groceries/pi/340/7613034968340/IDShot_90x90.jpg",
				"HighestResolutionUrl": "https://img.tesco.com/Groceries/pi/340/7613034968340/IDShot_540x540.jpg"
			}, {
				"Name": "Out of Pack/ Lid off",
				"ThumbImageUrl": "https://img.tesco.com/Groceries/pi/340/7613034968340/OutofPack/Lidoff_225x225.jpg",
				"HighestResolutionUrl": "https://img.tesco.com/Groceries/pi/340/7613034968340/OutofPack/Lidoff_540x540.jpg"
			}],
			"MaximumPurchaseQuantity": 99,
			"Name": "Kit Kat Chunky Milk Chocolate 4X 40G 160G",
			"OfferPromotion": "Save 50p Was £1.50 Now £1.00",
			"OfferValidity": "valid from 29/3/2017 until 18/4/2017",
			"OfferLabelImagePath": "no POS available",
			"OfferID": "A32179929",
			"OfferValidFrom": "2017-03-29",
			"OfferValidUntil": "2017-04-18",
			"Price": 1.00,
			"PriceDescription": " (£0.63/100g)",
			"ProductId": "287613291",
			"ProductType": "QuantityOnlyProduct",
			"IsNew": "False",
			"IsFavourite": "False",
			"UnitPrice": 0.63,
			"CarbonDataAvailable": 0,
			"AddEnabled": "Y",
			"DeleteEnabled": "Y",
			"Message": "",
			"UnitType": "100g",
			"ExtendedInfoUrl": "https://mobile.tesco.com/Embed/product/287613291"
		}, {
			"BaseProductId": "63976091",
			"EANBarcode": "7622210255372",
			"CheaperAlternativeProductId": "",
			"HealthierAlternativeProductId": "",
			"ImagePath": "https://img.tesco.com/Groceries/pi/372/7622210255372/IDShot_90x90.jpg",
			"AlternativeImages": [{
				"Name": "ID Shot",
				"ThumbImageUrl": "https://img.tesco.com/Groceries/pi/372/7622210255372/IDShot_90x90.jpg",
				"HighestResolutionUrl": "https://img.tesco.com/Groceries/pi/372/7622210255372/IDShot_540x540.jpg"
			}, {
				"Name": "Out of Pack/ Lid off",
				"ThumbImageUrl": "https://img.tesco.com/Groceries/pi/372/7622210255372/OutofPack/Lidoff_225x225.jpg",
				"HighestResolutionUrl": "https://img.tesco.com/Groceries/pi/372/7622210255372/OutofPack/Lidoff_540x540.jpg"
			}],
			"MaximumPurchaseQuantity": 99,
			"Name": "Cadbury Wispa 4 Pack 120G",
			"OfferPromotion": "Save 79p Was £1.79 Now £1.00",
			"OfferValidity": "valid from 29/3/2017 until 18/4/2017",
			"OfferLabelImagePath": "no POS available",
			"OfferID": "A32179937",
			"OfferValidFrom": "2017-03-29",
			"OfferValidUntil": "2017-04-18",
			"Price": 1.00,
			"PriceDescription": " (£0.83/100g)",
			"ProductId": "283787257",
			"ProductType": "QuantityOnlyProduct",
			"IsNew": "False",
			"IsFavourite": "False",
			"UnitPrice": 0.83,
			"CarbonDataAvailable": 0,
			"AddEnabled": "Y",
			"DeleteEnabled": "Y",
			"Message": "",
			"UnitType": "100g",
			"ExtendedInfoUrl": "https://mobile.tesco.com/Embed/product/283787257"
		}, {
			"BaseProductId": "54773678",
			"EANBarcode": "5010204450537",
			"CheaperAlternativeProductId": "",
			"HealthierAlternativeProductId": "",
			"ImagePath": "https://img.tesco.com/Groceries/pi/537/5010204450537/IDShot_90x90.jpg",
			"AlternativeImages": [{
				"Name": "ID Shot",
				"ThumbImageUrl": "https://img.tesco.com/Groceries/pi/537/5010204450537/IDShot_90x90.jpg",
				"HighestResolutionUrl": "https://img.tesco.com/Groceries/pi/537/5010204450537/IDShot_540x540.jpg"
			}],
			"MaximumPurchaseQuantity": 20,
			"Name": "Tesco Everyday Value Plain Chocolate Bar 100G",
			"OfferPromotion": "",
			"OfferValidity": "",
			"OfferLabelImagePath": "",
			"OfferID": "",
			"OfferValidFrom": "",
			"OfferValidUntil": "",
			"Price": 0.45,
			"PriceDescription": " (£0.45/100g)",
			"ProductId": "254381907",
			"ProductType": "QuantityOnlyProduct",
			"IsNew": "False",
			"IsFavourite": "False",
			"UnitPrice": 0.45,
			"CarbonDataAvailable": 0,
			"AddEnabled": "Y",
			"DeleteEnabled": "Y",
			"Message": "",
			"UnitType": "100g",
			"ExtendedInfoUrl": "https://mobile.tesco.com/Embed/product/254381907"
		}, {
			"BaseProductId": "56808958",
			"EANBarcode": "7622210286956",
			"CheaperAlternativeProductId": "",
			"HealthierAlternativeProductId": "",
			"ImagePath": "https://img.tesco.com/Groceries/pi/956/7622210286956/IDShot_90x90.jpg",
			"AlternativeImages": [{
				"Name": "ID Shot",
				"ThumbImageUrl": "https://img.tesco.com/Groceries/pi/956/7622210286956/IDShot_90x90.jpg",
				"HighestResolutionUrl": "https://img.tesco.com/Groceries/pi/956/7622210286956/IDShot_540x540.jpg"
			}],
			"MaximumPurchaseQuantity": 99,
			"Name": "Cadbury Dairy Milk Giant Buttons 119G",
			"OfferPromotion": "",
			"OfferValidity": "",
			"OfferLabelImagePath": "",
			"OfferID": "",
			"OfferValidFrom": "",
			"OfferValidUntil": "",
			"Price": 1.50,
			"PriceDescription": " (£1.27/100g)",
			"ProductId": "285383766",
			"ProductType": "QuantityOnlyProduct",
			"IsNew": "False",
			"IsFavourite": "False",
			"UnitPrice": 1.27,
			"CarbonDataAvailable": 0,
			"AddEnabled": "Y",
			"DeleteEnabled": "Y",
			"Message": "",
			"UnitType": "100g",
			"ExtendedInfoUrl": "https://mobile.tesco.com/Embed/product/285383766"
		}, {
			"BaseProductId": "50080818",
			"EANBarcode": "5000159421515",
			"CheaperAlternativeProductId": "",
			"HealthierAlternativeProductId": "",
			"ImagePath": "https://img.tesco.com/Groceries/pi/515/5000159421515/IDShot_90x90.jpg",
			"AlternativeImages": [{
				"Name": "ID Shot",
				"ThumbImageUrl": "https://img.tesco.com/Groceries/pi/515/5000159421515/IDShot_90x90.jpg",
				"HighestResolutionUrl": "https://img.tesco.com/Groceries/pi/515/5000159421515/IDShot_540x540.jpg"
			}, {
				"Name": "Out of Pack/ Lid off",
				"ThumbImageUrl": "https://img.tesco.com/Groceries/pi/515/5000159421515/OutofPack/Lidoff_225x225.jpg",
				"HighestResolutionUrl": "https://img.tesco.com/Groceries/pi/515/5000159421515/OutofPack/Lidoff_540x540.jpg"
			}, {
				"Name": "Aspirational",
				"ThumbImageUrl": "https://img.tesco.com/Groceries/pi/515/5000159421515/Aspirational_225x225.jpg",
				"HighestResolutionUrl": "https://img.tesco.com/Groceries/pi/515/5000159421515/Aspirational_540x540.jpg"
			}],
			"MaximumPurchaseQuantity": 99,
			"Name": "Maltesers Box 120G",
			"OfferPromotion": "",
			"OfferValidity": "",
			"OfferLabelImagePath": "",
			"OfferID": "",
			"OfferValidFrom": "",
			"OfferValidUntil": "",
			"Price": 1.50,
			"PriceDescription": " (£1.25/100g)",
			"ProductId": "264644179",
			"ProductType": "QuantityOnlyProduct",
			"IsNew": "False",
			"IsFavourite": "False",
			"UnitPrice": 1.25,
			"CarbonDataAvailable": 0,
			"AddEnabled": "Y",
			"DeleteEnabled": "Y",
			"Message": "This product is only available for delivery from Friday 17th March to Sunday 16th April.",
			"UnitType": "100g",
			"ExtendedInfoUrl": "https://mobile.tesco.com/Embed/product/264644179"
		}, {
			"BaseProductId": "64575765",
			"EANBarcode": "5052003507265",
			"CheaperAlternativeProductId": "",
			"HealthierAlternativeProductId": "",
			"ImagePath": "https://img.tesco.com/Groceries/pi/265/5052003507265/IDShot_90x90.jpg",
			"AlternativeImages": [{
				"Name": "ID Shot",
				"ThumbImageUrl": "https://img.tesco.com/Groceries/pi/265/5052003507265/IDShot_90x90.jpg",
				"HighestResolutionUrl": "https://img.tesco.com/Groceries/pi/265/5052003507265/IDShot_540x540.jpg"
			}],
			"MaximumPurchaseQuantity": 99,
			"Name": "Tesco Everyday Value White Chocolate Bar 100G",
			"OfferPromotion": "",
			"OfferValidity": "",
			"OfferLabelImagePath": "",
			"OfferID": "",
			"OfferValidFrom": "",
			"OfferValidUntil": "",
			"Price": 0.45,
			"PriceDescription": " (£0.45/100g)",
			"ProductId": "265234381",
			"ProductType": "QuantityOnlyProduct",
			"IsNew": "False",
			"IsFavourite": "False",
			"UnitPrice": 0.45,
			"CarbonDataAvailable": 0,
			"AddEnabled": "Y",
			"DeleteEnabled": "Y",
			"Message": "",
			"UnitType": "100g",
			"ExtendedInfoUrl": "https://mobile.tesco.com/Embed/product/265234381"
		}, {
			"BaseProductId": "60663137",
			"EANBarcode": "7613035220263",
			"CheaperAlternativeProductId": "",
			"HealthierAlternativeProductId": "",
			"ImagePath": "https://img.tesco.com/Groceries/pi/263/7613035220263/IDShot_90x90.jpg",
			"AlternativeImages": [{
				"Name": "ID Shot",
				"ThumbImageUrl": "https://img.tesco.com/Groceries/pi/263/7613035220263/IDShot_90x90.jpg",
				"HighestResolutionUrl": "https://img.tesco.com/Groceries/pi/263/7613035220263/IDShot_540x540.jpg"
			}, {
				"Name": "Out of Pack/ Lid off",
				"ThumbImageUrl": "https://img.tesco.com/Groceries/pi/263/7613035220263/OutofPack/Lidoff_225x225.jpg",
				"HighestResolutionUrl": "https://img.tesco.com/Groceries/pi/263/7613035220263/OutofPack/Lidoff_540x540.jpg"
			}],
			"MaximumPurchaseQuantity": 99,
			"Name": "Kit Kat 4 Finger Milk Chocolate 4 Pack 166G",
			"OfferPromotion": "Save 50p Was £1.50 Now £1.00",
			"OfferValidity": "valid from 27/3/2017 until 9/4/2017",
			"OfferLabelImagePath": "no POS available",
			"OfferID": "A32182661",
			"OfferValidFrom": "2017-03-27",
			"OfferValidUntil": "2017-04-09",
			"Price": 1.00,
			"PriceDescription": " (£0.60/100g)",
			"ProductId": "292573934",
			"ProductType": "QuantityOnlyProduct",
			"IsNew": "False",
			"IsFavourite": "False",
			"UnitPrice": 0.60,
			"CarbonDataAvailable": 0,
			"AddEnabled": "Y",
			"DeleteEnabled": "Y",
			"Message": "",
			"UnitType": "100g",
			"ExtendedInfoUrl": "https://mobile.tesco.com/Embed/product/292573934"
		}, {
			"BaseProductId": "79295468",
			"EANBarcode": "5000168188102",
			"CheaperAlternativeProductId": "",
			"HealthierAlternativeProductId": "",
			"ImagePath": "https://img.tesco.com/Groceries/pi/102/5000168188102/IDShot_90x90.jpg",
			"AlternativeImages": [{
				"Name": "ID Shot",
				"ThumbImageUrl": "https://img.tesco.com/Groceries/pi/102/5000168188102/IDShot_90x90.jpg",
				"HighestResolutionUrl": "https://img.tesco.com/Groceries/pi/102/5000168188102/IDShot_540x540.jpg"
			}, {
				"Name": "Out of Pack/ Lid off",
				"ThumbImageUrl": "https://img.tesco.com/Groceries/pi/102/5000168188102/OutofPack/Lidoff_225x225.jpg",
				"HighestResolutionUrl": "https://img.tesco.com/Groceries/pi/102/5000168188102/OutofPack/Lidoff_540x540.jpg"
			}],
			"MaximumPurchaseQuantity": 99,
			"Name": "Mcvities Milk Chocolate Digestives 500G",
			"OfferPromotion": "",
			"OfferValidity": "",
			"OfferLabelImagePath": "",
			"OfferID": "",
			"OfferValidFrom": "",
			"OfferValidUntil": "",
			"Price": 2.29,
			"PriceDescription": " (£0.46/100g)",
			"ProductId": "288899785",
			"ProductType": "QuantityOnlyProduct",
			"IsNew": "False",
			"IsFavourite": "False",
			"UnitPrice": 0.46,
			"CarbonDataAvailable": 0,
			"AddEnabled": "Y",
			"DeleteEnabled": "Y",
			"Message": "",
			"UnitType": "100g",
			"ExtendedInfoUrl": "https://mobile.tesco.com/Embed/product/288899785"
		}, {
			"BaseProductId": "58974098",
			"EANBarcode": "7622210255396",
			"CheaperAlternativeProductId": "",
			"HealthierAlternativeProductId": "",
			"ImagePath": "https://img.tesco.com/Groceries/pi/396/7622210255396/IDShot_90x90.jpg",
			"AlternativeImages": [{
				"Name": "ID Shot",
				"ThumbImageUrl": "https://img.tesco.com/Groceries/pi/396/7622210255396/IDShot_90x90.jpg",
				"HighestResolutionUrl": "https://img.tesco.com/Groceries/pi/396/7622210255396/IDShot_540x540.jpg"
			}, {
				"Name": "Out of Pack/ Lid off",
				"ThumbImageUrl": "https://img.tesco.com/Groceries/pi/396/7622210255396/OutofPack/Lidoff_225x225.jpg",
				"HighestResolutionUrl": "https://img.tesco.com/Groceries/pi/396/7622210255396/OutofPack/Lidoff_540x540.jpg"
			}],
			"MaximumPurchaseQuantity": 99,
			"Name": "Cadbury Crunchie 4 Pack 128G",
			"OfferPromotion": "Save 79p Was £1.79 Now £1.00",
			"OfferValidity": "valid from 29/3/2017 until 18/4/2017",
			"OfferLabelImagePath": "no POS available",
			"OfferID": "A32179928",
			"OfferValidFrom": "2017-03-29",
			"OfferValidUntil": "2017-04-18",
			"Price": 1.00,
			"PriceDescription": " (£0.78/100g)",
			"ProductId": "283787361",
			"ProductType": "QuantityOnlyProduct",
			"IsNew": "False",
			"IsFavourite": "False",
			"UnitPrice": 0.78,
			"CarbonDataAvailable": 0,
			"AddEnabled": "Y",
			"DeleteEnabled": "Y",
			"Message": "",
			"UnitType": "100g",
			"ExtendedInfoUrl": "https://mobile.tesco.com/Embed/product/283787361"
		}, {
			"BaseProductId": "55028621",
			"EANBarcode": "5000159477369",
			"CheaperAlternativeProductId": "",
			"HealthierAlternativeProductId": "",
			"ImagePath": "https://img.tesco.com/Groceries/pi/369/5000159477369/IDShot_90x90.jpg",
			"AlternativeImages": [{
				"Name": "ID Shot",
				"ThumbImageUrl": "https://img.tesco.com/Groceries/pi/369/5000159477369/IDShot_90x90.jpg",
				"HighestResolutionUrl": "https://img.tesco.com/Groceries/pi/369/5000159477369/IDShot_540x540.jpg"
			}, {
				"Name": "Out of Pack/ Lid off",
				"ThumbImageUrl": "https://img.tesco.com/Groceries/pi/369/5000159477369/OutofPack/Lidoff_225x225.jpg",
				"HighestResolutionUrl": "https://img.tesco.com/Groceries/pi/369/5000159477369/OutofPack/Lidoff_540x540.jpg"
			}, {
				"Name": "Aspirational",
				"ThumbImageUrl": "https://img.tesco.com/Groceries/pi/369/5000159477369/Aspirational_225x225.jpg",
				"HighestResolutionUrl": "https://img.tesco.com/Groceries/pi/369/5000159477369/Aspirational_540x540.jpg"
			}],
			"MaximumPurchaseQuantity": 99,
			"Name": "Maltesers Funsize Minis 9 Pack 195G",
			"OfferPromotion": "",
			"OfferValidity": "",
			"OfferLabelImagePath": "",
			"OfferID": "",
			"OfferValidFrom": "",
			"OfferValidUntil": "",
			"Price": 2.79,
			"PriceDescription": " (£1.44/100g)",
			"ProductId": "282553887",
			"ProductType": "QuantityOnlyProduct",
			"IsNew": "False",
			"IsFavourite": "False",
			"UnitPrice": 1.44,
			"CarbonDataAvailable": 0,
			"AddEnabled": "Y",
			"DeleteEnabled": "Y",
			"Message": "",
			"UnitType": "100g",
			"ExtendedInfoUrl": "https://mobile.tesco.com/Embed/product/282553887"
		}, {
			"BaseProductId": "60121445",
			"EANBarcode": "5052004759885",
			"CheaperAlternativeProductId": "",
			"HealthierAlternativeProductId": "",
			"ImagePath": "https://img.tesco.com/Groceries/pi/885/5052004759885/IDShot_90x90.jpg",
			"AlternativeImages": [{
				"Name": "ID Shot",
				"ThumbImageUrl": "https://img.tesco.com/Groceries/pi/885/5052004759885/IDShot_90x90.jpg",
				"HighestResolutionUrl": "https://img.tesco.com/Groceries/pi/885/5052004759885/IDShot_540x540.jpg"
			}],
			"MaximumPurchaseQuantity": 99,
			"Name": "T.Cont 74% Plain Chocolate Bar 100G",
			"OfferPromotion": "",
			"OfferValidity": "",
			"OfferLabelImagePath": "",
			"OfferID": "",
			"OfferValidFrom": "",
			"OfferValidUntil": "",
			"Price": 1.00,
			"PriceDescription": " (£1.00/100g)",
			"ProductId": "266627306",
			"ProductType": "QuantityOnlyProduct",
			"IsNew": "False",
			"IsFavourite": "False",
			"UnitPrice": 1.00,
			"CarbonDataAvailable": 0,
			"AddEnabled": "Y",
			"DeleteEnabled": "Y",
			"Message": "",
			"UnitType": "100g",
			"ExtendedInfoUrl": "https://mobile.tesco.com/Embed/product/266627306"
		}, {
			"BaseProductId": "65479152",
			"EANBarcode": "5052004350266",
			"CheaperAlternativeProductId": "",
			"HealthierAlternativeProductId": "",
			"ImagePath": "https://img.tesco.com/Groceries/pi/266/5052004350266/IDShot_90x90.jpg",
			"AlternativeImages": [{
				"Name": "ID Shot",
				"ThumbImageUrl": "https://img.tesco.com/Groceries/pi/266/5052004350266/IDShot_90x90.jpg",
				"HighestResolutionUrl": "https://img.tesco.com/Groceries/pi/266/5052004350266/IDShot_540x540.jpg"
			}],
			"MaximumPurchaseQuantity": 99,
			"Name": "Tesco 85% Cocoa Plain Chocolate Bar 100G",
			"OfferPromotion": "",
			"OfferValidity": "",
			"OfferLabelImagePath": "",
			"OfferID": "",
			"OfferValidFrom": "",
			"OfferValidUntil": "",
			"Price": 1.00,
			"PriceDescription": " (£1.00/100g)",
			"ProductId": "266160990",
			"ProductType": "QuantityOnlyProduct",
			"IsNew": "False",
			"IsFavourite": "False",
			"UnitPrice": 1.00,
			"CarbonDataAvailable": 0,
			"AddEnabled": "Y",
			"DeleteEnabled": "Y",
			"Message": "",
			"UnitType": "100g",
			"ExtendedInfoUrl": "https://mobile.tesco.com/Embed/product/266160990"
		}, {
			"BaseProductId": "57821335",
			"EANBarcode": "5000159394499",
			"CheaperAlternativeProductId": "",
			"HealthierAlternativeProductId": "",
			"ImagePath": "https://img.tesco.com/Groceries/pi/499/5000159394499/IDShot_90x90.jpg",
			"AlternativeImages": [{
				"Name": "ID Shot",
				"ThumbImageUrl": "https://img.tesco.com/Groceries/pi/499/5000159394499/IDShot_90x90.jpg",
				"HighestResolutionUrl": "https://img.tesco.com/Groceries/pi/499/5000159394499/IDShot_540x540.jpg"
			}, {
				"Name": "Out of Pack/ Lid off",
				"ThumbImageUrl": "https://img.tesco.com/Groceries/pi/499/5000159394499/OutofPack/Lidoff_225x225.jpg",
				"HighestResolutionUrl": "https://img.tesco.com/Groceries/pi/499/5000159394499/OutofPack/Lidoff_540x540.jpg"
			}, {
				"Name": "Aspirational",
				"ThumbImageUrl": "https://img.tesco.com/Groceries/pi/499/5000159394499/Aspirational_225x225.jpg",
				"HighestResolutionUrl": "https://img.tesco.com/Groceries/pi/499/5000159394499/Aspirational_540x540.jpg"
			}],
			"MaximumPurchaseQuantity": 99,
			"Name": "Galaxy Ripple 4 Pack 132G",
			"OfferPromotion": "",
			"OfferValidity": "",
			"OfferLabelImagePath": "",
			"OfferID": "",
			"OfferValidFrom": "",
			"OfferValidUntil": "",
			"Price": 1.50,
			"PriceDescription": " (£1.14/100g)",
			"ProductId": "262842604",
			"ProductType": "QuantityOnlyProduct",
			"IsNew": "False",
			"IsFavourite": "False",
			"UnitPrice": 1.14,
			"CarbonDataAvailable": 0,
			"AddEnabled": "Y",
			"DeleteEnabled": "Y",
			"Message": "",
			"UnitType": "100g",
			"ExtendedInfoUrl": "https://mobile.tesco.com/Embed/product/262842604"
		}, {
			"BaseProductId": "78775737",
			"EANBarcode": "5000159484527",
			"CheaperAlternativeProductId": "",
			"HealthierAlternativeProductId": "",
			"ImagePath": "https://img.tesco.com/Groceries/pi/527/5000159484527/IDShot_90x90.jpg",
			"AlternativeImages": [{
				"Name": "ID Shot",
				"ThumbImageUrl": "https://img.tesco.com/Groceries/pi/527/5000159484527/IDShot_90x90.jpg",
				"HighestResolutionUrl": "https://img.tesco.com/Groceries/pi/527/5000159484527/IDShot_540x540.jpg"
			}, {
				"Name": "Out of Pack/ Lid off",
				"ThumbImageUrl": "https://img.tesco.com/Groceries/pi/527/5000159484527/OutofPack/Lidoff_225x225.jpg",
				"HighestResolutionUrl": "https://img.tesco.com/Groceries/pi/527/5000159484527/OutofPack/Lidoff_540x540.jpg"
			}, {
				"Name": "Aspirational",
				"ThumbImageUrl": "https://img.tesco.com/Groceries/pi/527/5000159484527/Aspirational_225x225.jpg",
				"HighestResolutionUrl": "https://img.tesco.com/Groceries/pi/527/5000159484527/Aspirational_540x540.jpg"
			}],
			"MaximumPurchaseQuantity": 99,
			"Name": "Mars 4 Pack 157.6G",
			"OfferPromotion": "",
			"OfferValidity": "",
			"OfferLabelImagePath": "",
			"OfferID": "",
			"OfferValidFrom": "",
			"OfferValidUntil": "",
			"Price": 1.50,
			"PriceDescription": " (£0.95/100g)",
			"ProductId": "287852905",
			"ProductType": "QuantityOnlyProduct",
			"IsNew": "False",
			"IsFavourite": "False",
			"UnitPrice": 0.95,
			"CarbonDataAvailable": 0,
			"AddEnabled": "Y",
			"DeleteEnabled": "Y",
			"Message": "",
			"UnitType": "100g",
			"ExtendedInfoUrl": "https://mobile.tesco.com/Embed/product/287852905"
		}, {
			"BaseProductId": "50915691",
			"EANBarcode": "5000168187280",
			"CheaperAlternativeProductId": "",
			"HealthierAlternativeProductId": "",
			"ImagePath": "https://img.tesco.com/Groceries/pi/280/5000168187280/IDShot_90x90.jpg",
			"AlternativeImages": [{
				"Name": "ID Shot",
				"ThumbImageUrl": "https://img.tesco.com/Groceries/pi/280/5000168187280/IDShot_90x90.jpg",
				"HighestResolutionUrl": "https://img.tesco.com/Groceries/pi/280/5000168187280/IDShot_540x540.jpg"
			}, {
				"Name": "Out of Pack/ Lid off",
				"ThumbImageUrl": "https://img.tesco.com/Groceries/pi/280/5000168187280/OutofPack/Lidoff_225x225.jpg",
				"HighestResolutionUrl": "https://img.tesco.com/Groceries/pi/280/5000168187280/OutofPack/Lidoff_540x540.jpg"
			}],
			"MaximumPurchaseQuantity": 99,
			"Name": "Mcvities Penguin Milk Chocolate Biscuit 8 Pack 196.8G",
			"OfferPromotion": "",
			"OfferValidity": "",
			"OfferLabelImagePath": "",
			"OfferID": "",
			"OfferValidFrom": "",
			"OfferValidUntil": "",
			"Price": 1.39,
			"PriceDescription": " (£0.71/100g)",
			"ProductId": "289205552",
			"ProductType": "QuantityOnlyProduct",
			"IsNew": "False",
			"IsFavourite": "False",
			"UnitPrice": 0.71,
			"CarbonDataAvailable": 0,
			"AddEnabled": "Y",
			"DeleteEnabled": "Y",
			"Message": "",
			"UnitType": "100g",
			"ExtendedInfoUrl": "https://mobile.tesco.com/Embed/product/289205552"
		}, {
			"BaseProductId": "57488510",
			"EANBarcode": "5000168106847",
			"CheaperAlternativeProductId": "",
			"HealthierAlternativeProductId": "",
			"ImagePath": "https://img.tesco.com/Groceries/pi/847/5000168106847/IDShot_90x90.jpg",
			"AlternativeImages": [{
				"Name": "ID Shot",
				"ThumbImageUrl": "https://img.tesco.com/Groceries/pi/847/5000168106847/IDShot_90x90.jpg",
				"HighestResolutionUrl": "https://img.tesco.com/Groceries/pi/847/5000168106847/IDShot_540x540.jpg"
			}, {
				"Name": "Out of Pack/ Lid off",
				"ThumbImageUrl": "https://img.tesco.com/Groceries/pi/847/5000168106847/OutofPack/Lidoff_225x225.jpg",
				"HighestResolutionUrl": "https://img.tesco.com/Groceries/pi/847/5000168106847/OutofPack/Lidoff_540x540.jpg"
			}, {
				"Name": "Aspirational",
				"ThumbImageUrl": "https://img.tesco.com/Groceries/pi/847/5000168106847/Aspirational_225x225.jpg",
				"HighestResolutionUrl": "https://img.tesco.com/Groceries/pi/847/5000168106847/Aspirational_540x540.jpg"
			}],
			"MaximumPurchaseQuantity": 99,
			"Name": "Mcvities Jaffa Cakes Twin Pack 2X150g 24P",
			"OfferPromotion": "",
			"OfferValidity": "",
			"OfferLabelImagePath": "",
			"OfferID": "",
			"OfferValidFrom": "",
			"OfferValidUntil": "",
			"Price": 2.19,
			"PriceDescription": " (£0.09/each)",
			"ProductId": "255066698",
			"ProductType": "QuantityOnlyProduct",
			"IsNew": "False",
			"IsFavourite": "False",
			"UnitPrice": 0.09,
			"CarbonDataAvailable": 0,
			"AddEnabled": "Y",
			"DeleteEnabled": "Y",
			"Message": "",
			"UnitType": "each",
			"ExtendedInfoUrl": "https://mobile.tesco.com/Embed/product/255066698"
		}, {
			"BaseProductId": "63650810",
			"EANBarcode": "5000159416979",
			"CheaperAlternativeProductId": "",
			"HealthierAlternativeProductId": "",
			"ImagePath": "https://img.tesco.com/Groceries/pi/979/5000159416979/IDShot_90x90.jpg",
			"AlternativeImages": [{
				"Name": "ID Shot",
				"ThumbImageUrl": "https://img.tesco.com/Groceries/pi/979/5000159416979/IDShot_90x90.jpg",
				"HighestResolutionUrl": "https://img.tesco.com/Groceries/pi/979/5000159416979/IDShot_540x540.jpg"
			}, {
				"Name": "Out of Pack/ Lid off",
				"ThumbImageUrl": "https://img.tesco.com/Groceries/pi/979/5000159416979/OutofPack/Lidoff_225x225.jpg",
				"HighestResolutionUrl": "https://img.tesco.com/Groceries/pi/979/5000159416979/OutofPack/Lidoff_540x540.jpg"
			}, {
				"Name": "Aspirational",
				"ThumbImageUrl": "https://img.tesco.com/Groceries/pi/979/5000159416979/Aspirational_225x225.jpg",
				"HighestResolutionUrl": "https://img.tesco.com/Groceries/pi/979/5000159416979/Aspirational_540x540.jpg"
			}],
			"MaximumPurchaseQuantity": 10,
			"Name": "Malteaster Bunny Milk Chocolate Bar 29G",
			"OfferPromotion": "Any 3 for £1.00",
			"OfferValidity": "valid from 31/12/2016 until 17/4/2017",
			"OfferLabelImagePath": "no POS available",
			"OfferID": "A32136971",
			"OfferValidFrom": "2016-12-31",
			"OfferValidUntil": "2017-04-17",
			"Price": 0.50,
			"PriceDescription": " (£1.73/100g)",
			"ProductId": "264282026",
			"ProductType": "QuantityOnlyProduct",
			"IsNew": "False",
			"IsFavourite": "False",
			"UnitPrice": 1.73,
			"CarbonDataAvailable": 0,
			"AddEnabled": "Y",
			"DeleteEnabled": "Y",
			"Message": "This product is only available for delivery from Friday 17th March to Tuesday 11th April.",
			"UnitType": "100g",
			"ExtendedInfoUrl": "https://mobile.tesco.com/Embed/product/264282026"
		}, {
			"BaseProductId": "50068385",
			"EANBarcode": "5000119146472",
			"CheaperAlternativeProductId": "",
			"HealthierAlternativeProductId": "",
			"ImagePath": "https://img.tesco.com/Groceries/pi/472/5000119146472/IDShot_90x90.jpg",
			"AlternativeImages": [{
				"Name": "ID Shot",
				"ThumbImageUrl": "https://img.tesco.com/Groceries/pi/472/5000119146472/IDShot_90x90.jpg",
				"HighestResolutionUrl": "https://img.tesco.com/Groceries/pi/472/5000119146472/IDShot_540x540.jpg"
			}],
			"MaximumPurchaseQuantity": 99,
			"Name": "Tesco Milk Chocolate Digestives 300G",
			"OfferPromotion": "",
			"OfferValidity": "",
			"OfferLabelImagePath": "",
			"OfferID": "",
			"OfferValidFrom": "",
			"OfferValidUntil": "",
			"Price": 0.60,
			"PriceDescription": " (£0.20/100g)",
			"ProductId": "254924572",
			"ProductType": "QuantityOnlyProduct",
			"IsNew": "False",
			"IsFavourite": "False",
			"UnitPrice": 0.20,
			"CarbonDataAvailable": 0,
			"AddEnabled": "Y",
			"DeleteEnabled": "Y",
			"Message": "",
			"UnitType": "100g",
			"ExtendedInfoUrl": "https://mobile.tesco.com/Embed/product/254924572"
		}, {
			"BaseProductId": "60663926",
			"EANBarcode": "7613033538452",
			"CheaperAlternativeProductId": "",
			"HealthierAlternativeProductId": "",
			"ImagePath": "https://img.tesco.com/Groceries/pi/452/7613033538452/IDShot_90x90.jpg",
			"AlternativeImages": [{
				"Name": "ID Shot",
				"ThumbImageUrl": "https://img.tesco.com/Groceries/pi/452/7613033538452/IDShot_90x90.jpg",
				"HighestResolutionUrl": "https://img.tesco.com/Groceries/pi/452/7613033538452/IDShot_540x540.jpg"
			}, {
				"Name": "Out of Pack/ Lid off",
				"ThumbImageUrl": "https://img.tesco.com/Groceries/pi/452/7613033538452/OutofPack/Lidoff_225x225.jpg",
				"HighestResolutionUrl": "https://img.tesco.com/Groceries/pi/452/7613033538452/OutofPack/Lidoff_540x540.jpg"
			}],
			"MaximumPurchaseQuantity": 99,
			"Name": "Smarties 4 Pack 152G",
			"OfferPromotion": "",
			"OfferValidity": "",
			"OfferLabelImagePath": "",
			"OfferID": "",
			"OfferValidFrom": "",
			"OfferValidUntil": "",
			"Price": 1.00,
			"PriceDescription": " (£0.66/100g)",
			"ProductId": "272079692",
			"ProductType": "QuantityOnlyProduct",
			"IsNew": "False",
			"IsFavourite": "False",
			"UnitPrice": 0.66,
			"CarbonDataAvailable": 0,
			"AddEnabled": "Y",
			"DeleteEnabled": "Y",
			"Message": "",
			"UnitType": "100g",
			"ExtendedInfoUrl": "https://mobile.tesco.com/Embed/product/272079692"
		}, {
			"BaseProductId": "80844164",
			"EANBarcode": "5000159491310",
			"CheaperAlternativeProductId": "",
			"HealthierAlternativeProductId": "",
			"ImagePath": "https://img.tesco.com/Groceries/pi/310/5000159491310/IDShot_90x90.jpg",
			"AlternativeImages": [{
				"Name": "ID Shot",
				"ThumbImageUrl": "https://img.tesco.com/Groceries/pi/310/5000159491310/IDShot_90x90.jpg",
				"HighestResolutionUrl": "https://img.tesco.com/Groceries/pi/310/5000159491310/IDShot_540x540.jpg"
			}, {
				"Name": "Out of Pack/ Lid off",
				"ThumbImageUrl": "https://img.tesco.com/Groceries/pi/310/5000159491310/OutofPack/Lidoff_225x225.jpg",
				"HighestResolutionUrl": "https://img.tesco.com/Groceries/pi/310/5000159491310/OutofPack/Lidoff_540x540.jpg"
			}, {
				"Name": "Aspirational",
				"ThumbImageUrl": "https://img.tesco.com/Groceries/pi/310/5000159491310/Aspirational_225x225.jpg",
				"HighestResolutionUrl": "https://img.tesco.com/Groceries/pi/310/5000159491310/Aspirational_540x540.jpg"
			}],
			"MaximumPurchaseQuantity": 99,
			"Name": "Galaxy Counters Chocolate Pouch 112G",
			"OfferPromotion": "Save 50p Was £1.50 Now £1.00",
			"OfferValidity": "valid from 29/3/2017 until 18/4/2017",
			"OfferLabelImagePath": "no POS available",
			"OfferID": "A32179934",
			"OfferValidFrom": "2017-03-29",
			"OfferValidUntil": "2017-04-18",
			"Price": 1.00,
			"PriceDescription": " (£0.89/100g)",
			"ProductId": "291951235",
			"ProductType": "QuantityOnlyProduct",
			"IsNew": "False",
			"IsFavourite": "False",
			"UnitPrice": 0.89,
			"CarbonDataAvailable": 0,
			"AddEnabled": "Y",
			"DeleteEnabled": "Y",
			"Message": "",
			"UnitType": "100g",
			"ExtendedInfoUrl": "https://mobile.tesco.com/Embed/product/291951235"
		}, {
			"BaseProductId": "59559487",
			"EANBarcode": "5000137169613",
			"CheaperAlternativeProductId": "",
			"HealthierAlternativeProductId": "",
			"ImagePath": "https://img.tesco.com/Groceries/pi/613/5000137169613/IDShot_90x90.jpg",
			"AlternativeImages": [{
				"Name": "ID Shot",
				"ThumbImageUrl": "https://img.tesco.com/Groceries/pi/613/5000137169613/IDShot_90x90.jpg",
				"HighestResolutionUrl": "https://img.tesco.com/Groceries/pi/613/5000137169613/IDShot_540x540.jpg"
			}, {
				"Name": "Out of Pack/ Lid off",
				"ThumbImageUrl": "https://img.tesco.com/Groceries/pi/613/5000137169613/OutofPack/Lidoff_225x225.jpg",
				"HighestResolutionUrl": "https://img.tesco.com/Groceries/pi/613/5000137169613/OutofPack/Lidoff_540x540.jpg"
			}],
			"MaximumPurchaseQuantity": 99,
			"Name": "Mcvities Club Orange Chocolate Biscuit 8 Pack 176G",
			"OfferPromotion": "Save 39p Was £1.39 Now £1.00",
			"OfferValidity": "valid from 27/3/2017 until 14/4/2017",
			"OfferLabelImagePath": "no POS available",
			"OfferID": "A32183423",
			"OfferValidFrom": "2017-03-27",
			"OfferValidUntil": "2017-04-14",
			"Price": 1.00,
			"PriceDescription": " (£0.57/100g)",
			"ProductId": "260876688",
			"ProductType": "QuantityOnlyProduct",
			"IsNew": "False",
			"IsFavourite": "False",
			"UnitPrice": 0.57,
			"CarbonDataAvailable": 0,
			"AddEnabled": "Y",
			"DeleteEnabled": "Y",
			"Message": "",
			"UnitType": "100g",
			"ExtendedInfoUrl": "https://mobile.tesco.com/Embed/product/260876688"
		}, {
			"BaseProductId": "58974083",
			"EANBarcode": "5034660520245",
			"CheaperAlternativeProductId": "",
			"HealthierAlternativeProductId": "",
			"ImagePath": "https://img.tesco.com/Groceries/pi/245/5034660520245/IDShot_90x90.jpg",
			"AlternativeImages": [{
				"Name": "ID Shot",
				"ThumbImageUrl": "https://img.tesco.com/Groceries/pi/245/5034660520245/IDShot_90x90.jpg",
				"HighestResolutionUrl": "https://img.tesco.com/Groceries/pi/245/5034660520245/IDShot_540x540.jpg"
			}, {
				"Name": "Out of Pack/ Lid off",
				"ThumbImageUrl": "https://img.tesco.com/Groceries/pi/245/5034660520245/OutofPack/Lidoff_225x225.jpg",
				"HighestResolutionUrl": "https://img.tesco.com/Groceries/pi/245/5034660520245/OutofPack/Lidoff_540x540.jpg"
			}],
			"MaximumPurchaseQuantity": 99,
			"Name": "Cadbury Flake 4 Pack 102G",
			"OfferPromotion": "Save 79p Was £1.79 Now £1.00",
			"OfferValidity": "valid from 29/3/2017 until 18/4/2017",
			"OfferLabelImagePath": "no POS available",
			"OfferID": "A32179928",
			"OfferValidFrom": "2017-03-29",
			"OfferValidUntil": "2017-04-18",
			"Price": 1.00,
			"PriceDescription": " (£0.65/100g)",
			"ProductId": "267089641",
			"ProductType": "QuantityOnlyProduct",
			"IsNew": "False",
			"IsFavourite": "False",
			"UnitPrice": 0.65,
			"CarbonDataAvailable": 0,
			"AddEnabled": "Y",
			"DeleteEnabled": "Y",
			"Message": "",
			"UnitType": "100g",
			"ExtendedInfoUrl": "https://mobile.tesco.com/Embed/product/267089641"
		}, {
			"BaseProductId": "51351900",
			"EANBarcode": "5052109963477",
			"CheaperAlternativeProductId": "",
			"HealthierAlternativeProductId": "",
			"ImagePath": "https://img.tesco.com/Groceries/pi/477/5052109963477/IDShot_90x90.jpg",
			"AlternativeImages": [{
				"Name": "ID Shot",
				"ThumbImageUrl": "https://img.tesco.com/Groceries/pi/477/5052109963477/IDShot_90x90.jpg",
				"HighestResolutionUrl": "https://img.tesco.com/Groceries/pi/477/5052109963477/IDShot_540x540.jpg"
			}],
			"MaximumPurchaseQuantity": 99,
			"Name": "Tesco Rainforest Alliance Rich Plain Chocolate Bar 150G",
			"OfferPromotion": "",
			"OfferValidity": "",
			"OfferLabelImagePath": "",
			"OfferID": "",
			"OfferValidFrom": "",
			"OfferValidUntil": "",
			"Price": 0.75,
			"PriceDescription": " (£0.50/100g)",
			"ProductId": "271657142",
			"ProductType": "QuantityOnlyProduct",
			"IsNew": "False",
			"IsFavourite": "False",
			"UnitPrice": 0.50,
			"CarbonDataAvailable": 0,
			"AddEnabled": "Y",
			"DeleteEnabled": "Y",
			"Message": "",
			"UnitType": "100g",
			"ExtendedInfoUrl": "https://mobile.tesco.com/Embed/product/271657142"
		}, {
			"BaseProductId": "50198870",
			"EANBarcode": "5000159417426",
			"CheaperAlternativeProductId": "",
			"HealthierAlternativeProductId": "",
			"ImagePath": "https://img.tesco.com/Groceries/pi/426/5000159417426/IDShot_90x90.jpg",
			"AlternativeImages": [{
				"Name": "ID Shot",
				"ThumbImageUrl": "https://img.tesco.com/Groceries/pi/426/5000159417426/IDShot_90x90.jpg",
				"HighestResolutionUrl": "https://img.tesco.com/Groceries/pi/426/5000159417426/IDShot_540x540.jpg"
			}, {
				"Name": "Out of Pack/ Lid off",
				"ThumbImageUrl": "https://img.tesco.com/Groceries/pi/426/5000159417426/OutofPack/Lidoff_225x225.jpg",
				"HighestResolutionUrl": "https://img.tesco.com/Groceries/pi/426/5000159417426/OutofPack/Lidoff_540x540.jpg"
			}, {
				"Name": "Aspirational",
				"ThumbImageUrl": "https://img.tesco.com/Groceries/pi/426/5000159417426/Aspirational_225x225.jpg",
				"HighestResolutionUrl": "https://img.tesco.com/Groceries/pi/426/5000159417426/Aspirational_540x540.jpg"
			}],
			"MaximumPurchaseQuantity": 99,
			"Name": "Twix Biscuit 9 Pack 207G",
			"OfferPromotion": "",
			"OfferValidity": "",
			"OfferLabelImagePath": "",
			"OfferID": "",
			"OfferValidFrom": "",
			"OfferValidUntil": "",
			"Price": 1.79,
			"PriceDescription": " (£0.20/each)",
			"ProductId": "264503272",
			"ProductType": "QuantityOnlyProduct",
			"IsNew": "False",
			"IsFavourite": "False",
			"UnitPrice": 0.20,
			"CarbonDataAvailable": 0,
			"AddEnabled": "Y",
			"DeleteEnabled": "Y",
			"Message": "",
			"UnitType": "each",
			"ExtendedInfoUrl": "https://mobile.tesco.com/Embed/product/264503272"
		}, {
			"BaseProductId": "50353479",
			"EANBarcode": "7622210249661",
			"CheaperAlternativeProductId": "",
			"HealthierAlternativeProductId": "",
			"ImagePath": "https://img.tesco.com/Groceries/pi/661/7622210249661/IDShot_90x90.jpg",
			"AlternativeImages": [{
				"Name": "ID Shot",
				"ThumbImageUrl": "https://img.tesco.com/Groceries/pi/661/7622210249661/IDShot_90x90.jpg",
				"HighestResolutionUrl": "https://img.tesco.com/Groceries/pi/661/7622210249661/IDShot_540x540.jpg"
			}],
			"MaximumPurchaseQuantity": 99,
			"Name": "Cadbury Bournville Dark Chocolate Bar 180G",
			"OfferPromotion": "",
			"OfferValidity": "",
			"OfferLabelImagePath": "",
			"OfferID": "",
			"OfferValidFrom": "",
			"OfferValidUntil": "",
			"Price": 2.00,
			"PriceDescription": " (£1.12/100g)",
			"ProductId": "286265409",
			"ProductType": "QuantityOnlyProduct",
			"IsNew": "False",
			"IsFavourite": "False",
			"UnitPrice": 1.12,
			"CarbonDataAvailable": 0,
			"AddEnabled": "Y",
			"DeleteEnabled": "Y",
			"Message": "",
			"UnitType": "100g",
			"ExtendedInfoUrl": "https://mobile.tesco.com/Embed/product/286265409"
		}, {
			"BaseProductId": "50988655",
			"EANBarcode": "0000080177128",
			"CheaperAlternativeProductId": "",
			"HealthierAlternativeProductId": "",
			"ImagePath": "https://img.tesco.com/Groceries/pi/128/0000080177128/IDShot_90x90.jpg",
			"AlternativeImages": [{
				"Name": "ID Shot",
				"ThumbImageUrl": "https://img.tesco.com/Groceries/pi/128/0000080177128/IDShot_90x90.jpg",
				"HighestResolutionUrl": "https://img.tesco.com/Groceries/pi/128/0000080177128/IDShot_540x540.jpg"
			}],
			"MaximumPurchaseQuantity": 99,
			"Name": "Nutella Hazelnut Chocolate Spread 400G",
			"OfferPromotion": "",
			"OfferValidity": "",
			"OfferLabelImagePath": "",
			"OfferID": "",
			"OfferValidFrom": "",
			"OfferValidUntil": "",
			"Price": 2.50,
			"PriceDescription": " (£0.63/100g)",
			"ProductId": "254959415",
			"ProductType": "QuantityOnlyProduct",
			"IsNew": "False",
			"IsFavourite": "False",
			"UnitPrice": 0.63,
			"CarbonDataAvailable": 0,
			"AddEnabled": "Y",
			"DeleteEnabled": "Y",
			"Message": "",
			"UnitType": "100g",
			"ExtendedInfoUrl": "https://mobile.tesco.com/Embed/product/254959415"
		}, {
			"BaseProductId": "51159472",
			"EANBarcode": "5010975070095",
			"CheaperAlternativeProductId": "",
			"HealthierAlternativeProductId": "",
			"ImagePath": "https://img.tesco.com/Groceries/pi/095/5010975070095/IDShot_90x90.jpg",
			"AlternativeImages": [{
				"Name": "ID Shot",
				"ThumbImageUrl": "https://img.tesco.com/Groceries/pi/095/5010975070095/IDShot_90x90.jpg",
				"HighestResolutionUrl": "https://img.tesco.com/Groceries/pi/095/5010975070095/IDShot_540x540.jpg"
			}, {
				"Name": "Out of Pack/ Lid off",
				"ThumbImageUrl": "https://img.tesco.com/Groceries/pi/095/5010975070095/OutofPack/Lidoff_225x225.jpg",
				"HighestResolutionUrl": "https://img.tesco.com/Groceries/pi/095/5010975070095/OutofPack/Lidoff_540x540.jpg"
			}],
			"MaximumPurchaseQuantity": 99,
			"Name": "Tunnocks Milk Chocolate Caramel Wafer 240G",
			"OfferPromotion": "",
			"OfferValidity": "",
			"OfferLabelImagePath": "",
			"OfferID": "",
			"OfferValidFrom": "",
			"OfferValidUntil": "",
			"Price": 1.35,
			"PriceDescription": " (£0.56/100g)",
			"ProductId": "255526609",
			"ProductType": "QuantityOnlyProduct",
			"IsNew": "False",
			"IsFavourite": "False",
			"UnitPrice": 0.56,
			"CarbonDataAvailable": 0,
			"AddEnabled": "Y",
			"DeleteEnabled": "Y",
			"Message": "",
			"UnitType": "100g",
			"ExtendedInfoUrl": "https://mobile.tesco.com/Embed/product/255526609"
		}, {
			"BaseProductId": "51826466",
			"EANBarcode": "3046920028004",
			"CheaperAlternativeProductId": "",
			"HealthierAlternativeProductId": "",
			"ImagePath": "https://img.tesco.com/Groceries/pi/004/3046920028004/IDShot_90x90.jpg",
			"AlternativeImages": [{
				"Name": "ID Shot",
				"ThumbImageUrl": "https://img.tesco.com/Groceries/pi/004/3046920028004/IDShot_90x90.jpg",
				"HighestResolutionUrl": "https://img.tesco.com/Groceries/pi/004/3046920028004/IDShot_540x540.jpg"
			}],
			"MaximumPurchaseQuantity": 99,
			"Name": "Lindt Excellence 70% Cocoa Chocolate Bar 100G",
			"OfferPromotion": "",
			"OfferValidity": "",
			"OfferLabelImagePath": "",
			"OfferID": "",
			"OfferValidFrom": "",
			"OfferValidUntil": "",
			"Price": 1.99,
			"PriceDescription": " (£1.99/100g)",
			"ProductId": "259301725",
			"ProductType": "QuantityOnlyProduct",
			"IsNew": "False",
			"IsFavourite": "False",
			"UnitPrice": 1.99,
			"CarbonDataAvailable": 0,
			"AddEnabled": "Y",
			"DeleteEnabled": "Y",
			"Message": "",
			"UnitType": "100g",
			"ExtendedInfoUrl": "https://mobile.tesco.com/Embed/product/259301725"
		}, {
			"BaseProductId": "55986989",
			"EANBarcode": "7613035219489",
			"CheaperAlternativeProductId": "",
			"HealthierAlternativeProductId": "",
			"ImagePath": "https://img.tesco.com/Groceries/pi/489/7613035219489/IDShot_90x90.jpg",
			"AlternativeImages": [{
				"Name": "ID Shot",
				"ThumbImageUrl": "https://img.tesco.com/Groceries/pi/489/7613035219489/IDShot_90x90.jpg",
				"HighestResolutionUrl": "https://img.tesco.com/Groceries/pi/489/7613035219489/IDShot_540x540.jpg"
			}, {
				"Name": "Out of Pack/ Lid off",
				"ThumbImageUrl": "https://img.tesco.com/Groceries/pi/489/7613035219489/OutofPack/Lidoff_225x225.jpg",
				"HighestResolutionUrl": "https://img.tesco.com/Groceries/pi/489/7613035219489/OutofPack/Lidoff_540x540.jpg"
			}],
			"MaximumPurchaseQuantity": 99,
			"Name": "Kit Kat 2 Finger Milk Chocolate Biscuit 21 Pack 436.8G",
			"OfferPromotion": "Save £1.00 Was £3.49 Now £2.49",
			"OfferValidity": "valid from 29/3/2017 until 18/4/2017",
			"OfferLabelImagePath": "no POS available",
			"OfferID": "A32181105",
			"OfferValidFrom": "2017-03-29",
			"OfferValidUntil": "2017-04-18",
			"Price": 2.49,
			"PriceDescription": " (£0.57/100g)",
			"ProductId": "292743872",
			"ProductType": "QuantityOnlyProduct",
			"IsNew": "False",
			"IsFavourite": "False",
			"UnitPrice": 0.57,
			"CarbonDataAvailable": 0,
			"AddEnabled": "Y",
			"DeleteEnabled": "Y",
			"Message": "",
			"UnitType": "100g",
			"ExtendedInfoUrl": "https://mobile.tesco.com/Embed/product/292743872"
		}, {
			"BaseProductId": "78775795",
			"EANBarcode": "5000159484480",
			"CheaperAlternativeProductId": "",
			"HealthierAlternativeProductId": "",
			"ImagePath": "https://img.tesco.com/Groceries/pi/480/5000159484480/IDShot_90x90.jpg",
			"AlternativeImages": [{
				"Name": "ID Shot",
				"ThumbImageUrl": "https://img.tesco.com/Groceries/pi/480/5000159484480/IDShot_90x90.jpg",
				"HighestResolutionUrl": "https://img.tesco.com/Groceries/pi/480/5000159484480/IDShot_540x540.jpg"
			}, {
				"Name": "Out of Pack/ Lid off",
				"ThumbImageUrl": "https://img.tesco.com/Groceries/pi/480/5000159484480/OutofPack/Lidoff_225x225.jpg",
				"HighestResolutionUrl": "https://img.tesco.com/Groceries/pi/480/5000159484480/OutofPack/Lidoff_540x540.jpg"
			}, {
				"Name": "Aspirational",
				"ThumbImageUrl": "https://img.tesco.com/Groceries/pi/480/5000159484480/Aspirational_225x225.jpg",
				"HighestResolutionUrl": "https://img.tesco.com/Groceries/pi/480/5000159484480/Aspirational_540x540.jpg"
			}],
			"MaximumPurchaseQuantity": 99,
			"Name": "Snickers 4 Pack 166.8G",
			"OfferPromotion": "",
			"OfferValidity": "",
			"OfferLabelImagePath": "",
			"OfferID": "",
			"OfferValidFrom": "",
			"OfferValidUntil": "",
			"Price": 1.50,
			"PriceDescription": " (£0.90/100g)",
			"ProductId": "287853000",
			"ProductType": "QuantityOnlyProduct",
			"IsNew": "False",
			"IsFavourite": "False",
			"UnitPrice": 0.90,
			"CarbonDataAvailable": 0,
			"AddEnabled": "Y",
			"DeleteEnabled": "Y",
			"Message": "",
			"UnitType": "100g",
			"ExtendedInfoUrl": "https://mobile.tesco.com/Embed/product/287853000"
		}, {
			"BaseProductId": "55986753",
			"EANBarcode": "7613034235107",
			"CheaperAlternativeProductId": "",
			"HealthierAlternativeProductId": "",
			"ImagePath": "https://img.tesco.com/Groceries/pi/107/7613034235107/IDShot_90x90.jpg",
			"AlternativeImages": [{
				"Name": "ID Shot",
				"ThumbImageUrl": "https://img.tesco.com/Groceries/pi/107/7613034235107/IDShot_90x90.jpg",
				"HighestResolutionUrl": "https://img.tesco.com/Groceries/pi/107/7613034235107/IDShot_540x540.jpg"
			}, {
				"Name": "Out of Pack/ Lid off",
				"ThumbImageUrl": "https://img.tesco.com/Groceries/pi/107/7613034235107/OutofPack/Lidoff_225x225.jpg",
				"HighestResolutionUrl": "https://img.tesco.com/Groceries/pi/107/7613034235107/OutofPack/Lidoff_540x540.jpg"
			}, {
				"Name": "Aspirational",
				"ThumbImageUrl": "https://img.tesco.com/Groceries/pi/107/7613034235107/Aspirational_225x225.jpg",
				"HighestResolutionUrl": "https://img.tesco.com/Groceries/pi/107/7613034235107/Aspirational_540x540.jpg"
			}],
			"MaximumPurchaseQuantity": 99,
			"Name": "Quality Street Matchmakers Mint Chocolate Box 130G",
			"OfferPromotion": "",
			"OfferValidity": "",
			"OfferLabelImagePath": "",
			"OfferID": "",
			"OfferValidFrom": "",
			"OfferValidUntil": "",
			"Price": 2.00,
			"PriceDescription": " (£1.54/100g)",
			"ProductId": "279965882",
			"ProductType": "QuantityOnlyProduct",
			"IsNew": "False",
			"IsFavourite": "False",
			"UnitPrice": 1.54,
			"CarbonDataAvailable": 0,
			"AddEnabled": "Y",
			"DeleteEnabled": "Y",
			"Message": "This product is only available for delivery from Friday 17th March to Sunday 16th April.",
			"UnitType": "100g",
			"ExtendedInfoUrl": "https://mobile.tesco.com/Embed/product/279965882"
		}, {
			"BaseProductId": "54950618",
			"EANBarcode": "5054402850850",
			"CheaperAlternativeProductId": "",
			"HealthierAlternativeProductId": "",
			"ImagePath": "https://img.tesco.com/Groceries/pi/850/5054402850850/IDShot_90x90.jpg",
			"AlternativeImages": [{
				"Name": "ID Shot",
				"ThumbImageUrl": "https://img.tesco.com/Groceries/pi/850/5054402850850/IDShot_90x90.jpg",
				"HighestResolutionUrl": "https://img.tesco.com/Groceries/pi/850/5054402850850/IDShot_540x540.jpg"
			}],
			"MaximumPurchaseQuantity": 99,
			"Name": "Tesco Milk Chocolate Mousse 6X60g",
			"OfferPromotion": "",
			"OfferValidity": "",
			"OfferLabelImagePath": "",
			"OfferID": "",
			"OfferValidFrom": "",
			"OfferValidUntil": "",
			"Price": 1.00,
			"PriceDescription": " (£0.28/100g)",
			"ProductId": "287661132",
			"ProductType": "QuantityOnlyProduct",
			"IsNew": "False",
			"IsFavourite": "False",
			"UnitPrice": 0.28,
			"CarbonDataAvailable": 0,
			"AddEnabled": "Y",
			"DeleteEnabled": "Y",
			"Message": "",
			"UnitType": "100g",
			"ExtendedInfoUrl": "https://mobile.tesco.com/Embed/product/287661132"
		}, {
			"BaseProductId": "51351854",
			"EANBarcode": "5052109958282",
			"CheaperAlternativeProductId": "",
			"HealthierAlternativeProductId": "",
			"ImagePath": "https://img.tesco.com/Groceries/pi/282/5052109958282/IDShot_90x90.jpg",
			"AlternativeImages": [{
				"Name": "ID Shot",
				"ThumbImageUrl": "https://img.tesco.com/Groceries/pi/282/5052109958282/IDShot_90x90.jpg",
				"HighestResolutionUrl": "https://img.tesco.com/Groceries/pi/282/5052109958282/IDShot_540x540.jpg"
			}],
			"MaximumPurchaseQuantity": 99,
			"Name": "Tesco Rainforest Alliance Milk Chocolate Bar 150G",
			"OfferPromotion": "",
			"OfferValidity": "",
			"OfferLabelImagePath": "",
			"OfferID": "",
			"OfferValidFrom": "",
			"OfferValidUntil": "",
			"Price": 0.75,
			"PriceDescription": " (£0.50/100g)",
			"ProductId": "271646921",
			"ProductType": "QuantityOnlyProduct",
			"IsNew": "False",
			"IsFavourite": "False",
			"UnitPrice": 0.50,
			"CarbonDataAvailable": 0,
			"AddEnabled": "Y",
			"DeleteEnabled": "Y",
			"Message": "",
			"UnitType": "100g",
			"ExtendedInfoUrl": "https://mobile.tesco.com/Embed/product/271646921"
		}

	],
	"Brands": [{
		"Name": "Tesco",
		"Total": "166"
	}, {
		"Name": "Cadbury",
		"Total": "158"
	}, {
		"Name": "Nestle",
		"Total": "51"
	}, {
		"Name": "Lindt",
		"Total": "44"
	}, {
		"Name": "Mars",
		"Total": "32"
	}, {
		"Name": "Galaxy",
		"Total": "24"
	}, {
		"Name": "Kellogg's",
		"Total": "22"
	}, {
		"Name": "Fox's",
		"Total": "20"
	}, {
		"Name": "Tesco Finest",
		"Total": "20"
	}, {
		"Name": "Kit Kat",
		"Total": "19"
	}, {
		"Name": "Mcvities",
		"Total": "18"
	}, {
		"Name": "Green And Black's",
		"Total": "17"
	}, {
		"Name": "Tesco Everyday Value",
		"Total": "17"
	}, {
		"Name": "Thorntons",
		"Total": "16"
	}, {
		"Name": "Mcvitie's",
		"Total": "15"
	}, {
		"Name": "Kinder",
		"Total": "14"
	}, {
		"Name": "Maltesers",
		"Total": "13"
	}, {
		"Name": "Aero",
		"Total": "12"
	}, {
		"Name": "Muller",
		"Total": "12"
	}, {
		"Name": "Bahlsen",
		"Total": "11"
	}, {
		"Name": "Ferrero",
		"Total": "11"
	}, {
		"Name": "Hersheys",
		"Total": "11"
	}, {
		"Name": "Options",
		"Total": "10"
	}, {
		"Name": "Alpro",
		"Total": "9"
	}, {
		"Name": "Kinnerton",
		"Total": "8"
	}, {
		"Name": "Maryland",
		"Total": "8"
	}, {
		"Name": "Smarties",
		"Total": "8"
	}, {
		"Name": "Twix",
		"Total": "8"
	}, {
		"Name": "Ben And Jerry's",
		"Total": "6"
	}, {
		"Name": "Jelly Belly",
		"Total": "6"
	}, {
		"Name": "M And M's",
		"Total": "6"
	}, {
		"Name": "Oreo",
		"Total": "6"
	}, {
		"Name": "Healthy Living",
		"Total": "5"
	}, {
		"Name": "Horlicks",
		"Total": "5"
	}, {
		"Name": "Jacob's",
		"Total": "5"
	}, {
		"Name": "Magnum",
		"Total": "5"
	}, {
		"Name": "Nutella",
		"Total": "5"
	}, {
		"Name": "Snickers",
		"Total": "5"
	}, {
		"Name": "Wonka",
		"Total": "5"
	}, {
		"Name": "Elizabeth Shaw",
		"Total": "4"
	}, {
		"Name": "Frijj",
		"Total": "4"
	}, {
		"Name": "Haagen-Dazs",
		"Total": "4"
	}, {
		"Name": "Milky Bar",
		"Total": "4"
	}, {
		"Name": "Milkybar",
		"Total": "4"
	}, {
		"Name": "Other",
		"Total": "4"
	}, {
		"Name": "Others",
		"Total": "4"
	}, {
		"Name": "Reese",
		"Total": "4"
	}, {
		"Name": "Reeses",
		"Total": "4"
	}, {
		"Name": "Rolo",
		"Total": "4"
	}, {
		"Name": "Tesco Free From",
		"Total": "4"
	}, {
		"Name": "Yorkie",
		"Total": "4"
	}, {
		"Name": "After Eight",
		"Total": "3"
	}, {
		"Name": "Alpen",
		"Total": "3"
	}, {
		"Name": "Barny",
		"Total": "3"
	}, {
		"Name": "Belvita",
		"Total": "3"
	}, {
		"Name": "Bendicks",
		"Total": "3"
	}, {
		"Name": "Bonne Maman",
		"Total": "3"
	}, {
		"Name": "Carte D'or",
		"Total": "3"
	}, {
		"Name": "Eat Natural",
		"Total": "3"
	}, {
		"Name": "Gu",
		"Total": "3"
	}, {
		"Name": "Lactalis-Nestle",
		"Total": "3"
	}, {
		"Name": "M&M's",
		"Total": "3"
	}, {
		"Name": "Mikado",
		"Total": "3"
	}, {
		"Name": "Mike And Ike",
		"Total": "3"
	}, {
		"Name": "Mr Kipling",
		"Total": "3"
	}, {
		"Name": "Ovaltine",
		"Total": "3"
	}, {
		"Name": "Reese's",
		"Total": "3"
	}, {
		"Name": "Terry's",
		"Total": "3"
	}, {
		"Name": "Toblerone",
		"Total": "3"
	}, {
		"Name": "Weetabix",
		"Total": "3"
	}, {
		"Name": "1001",
		"Total": "2"
	}, {
		"Name": "Bassetts",
		"Total": "2"
	}, {
		"Name": "Betty Crocker",
		"Total": "2"
	}, {
		"Name": "Brookes",
		"Total": "2"
	}, {
		"Name": "Celebrations",
		"Total": "2"
	}, {
		"Name": "Dr Oetker",
		"Total": "2"
	}, {
		"Name": "Free From",
		"Total": "2"
	}, {
		"Name": "Fry's",
		"Total": "2"
	}, {
		"Name": "Fudges",
		"Total": "2"
	}, {
		"Name": "Go Ahead",
		"Total": "2"
	}, {
		"Name": "Guylian",
		"Total": "2"
	}, {
		"Name": "Haribo",
		"Total": "2"
	}, {
		"Name": "Hostess",
		"Total": "2"
	}, {
		"Name": "Kallo",
		"Total": "2"
	}, {
		"Name": "Lilly O'briens",
		"Total": "2"
	}, {
		"Name": "Lir",
		"Total": "2"
	}, {
		"Name": "Malteaster",
		"Total": "2"
	}, {
		"Name": "Minstrels",
		"Total": "2"
	}, {
		"Name": "Miscellaneous",
		"Total": "2"
	}, {
		"Name": "Munchies",
		"Total": "2"
	}, {
		"Name": "Nature Valley",
		"Total": "2"
	}, {
		"Name": "Natures Store",
		"Total": "2"
	}, {
		"Name": "Nesquik",
		"Total": "2"
	}, {
		"Name": "Pitch",
		"Total": "2"
	}, {
		"Name": "Pop Rocks",
		"Total": "2"
	}, {
		"Name": "Quality Street",
		"Total": "2"
	}, {
		"Name": "Rebel Kitchen",
		"Total": "2"
	}, {
		"Name": "Revels",
		"Total": "2"
	}, {
		"Name": "Shreddies",
		"Total": "2"
	}, {
		"Name": "Tracker",
		"Total": "2"
	}, {
		"Name": "Tunnocks",
		"Total": "2"
	}, {
		"Name": "Warninks",
		"Total": "2"
	}, {
		"Name": "Weight Watchers",
		"Total": "2"
	}, {
		"Name": "Whitworths",
		"Total": "2"
	}, {
		"Name": "Ambrosia",
		"Total": "1"
	}, {
		"Name": "Auntys",
		"Total": "1"
	}, {
		"Name": "Balconi",
		"Total": "1"
	}, {
		"Name": "Bolands",
		"Total": "1"
	}, {
		"Name": "Border",
		"Total": "1"
	}, {
		"Name": "Bounty",
		"Total": "1"
	}, {
		"Name": "Burtons",
		"Total": "1"
	}, {
		"Name": "Butterkist",
		"Total": "1"
	}, {
		"Name": "Cafe Classics",
		"Total": "1"
	}, {
		"Name": "Charleston Chew",
		"Total": "1"
	}, {
		"Name": "Cheerios",
		"Total": "1"
	}, {
		"Name": "Chicago Town",
		"Total": "1"
	}, {
		"Name": "Cookie Crisp",
		"Total": "1"
	}, {
		"Name": "Cookie Crumbles",
		"Total": "1"
	}, {
		"Name": "Cornetto",
		"Total": "1"
	}, {
		"Name": "Country Crisp",
		"Total": "1"
	}, {
		"Name": "Daim",
		"Total": "1"
	}, {
		"Name": "Dentyne",
		"Total": "1"
	}, {
		"Name": "Discounter",
		"Total": "1"
	}, {
		"Name": "Dr. Oetker",
		"Total": "1"
	}, {
		"Name": "Enjoy Life",
		"Total": "1"
	}, {
		"Name": "Euro Foods",
		"Total": "1"
	}, {
		"Name": "Frys",
		"Total": "1"
	}, {
		"Name": "Green Isle",
		"Total": "1"
	}, {
		"Name": "Gu Puddings",
		"Total": "1"
	}, {
		"Name": "Happy Monkey",
		"Total": "1"
	}, {
		"Name": "Hobnobs",
		"Total": "1"
	}, {
		"Name": "Ice Brite",
		"Total": "1"
	}, {
		"Name": "Jammie Dodgers",
		"Total": "1"
	}, {
		"Name": "Jcb",
		"Total": "1"
	}, {
		"Name": "Jolly Rancher",
		"Total": "1"
	}, {
		"Name": "Jus-Rol",
		"Total": "1"
	}, {
		"Name": "Jvc",
		"Total": "1"
	}, {
		"Name": "Kelkin",
		"Total": "1"
	}, {
		"Name": "Kellys",
		"Total": "1"
	}, {
		"Name": "Kraft",
		"Total": "1"
	}, {
		"Name": "Lees Of Scotland",
		"Total": "1"
	}, {
		"Name": "Lily O'briens",
		"Total": "1"
	}, {
		"Name": "Lindor",
		"Total": "1"
	}, {
		"Name": "Lion",
		"Total": "1"
	}, {
		"Name": "Local Stoats",
		"Total": "1"
	}, {
		"Name": "Lotus",
		"Total": "1"
	}, {
		"Name": "Lyons",
		"Total": "1"
	}, {
		"Name": "Maynards",
		"Total": "1"
	}, {
		"Name": "Mccambridge",
		"Total": "1"
	}, {
		"Name": "Mega Mates",
		"Total": "1"
	}, {
		"Name": "Menier",
		"Total": "1"
	}, {
		"Name": "Milka",
		"Total": "1"
	}, {
		"Name": "Milkyway",
		"Total": "1"
	}, {
		"Name": "Monty Bojangles",
		"Total": "1"
	}, {
		"Name": "Mrs. Crimble's",
		"Total": "1"
	}, {
		"Name": "Nairns",
		"Total": "1"
	}, {
		"Name": "Nestle Milkybar",
		"Total": "1"
	}, {
		"Name": "Niederegger",
		"Total": "1"
	}, {
		"Name": "Organic Oatly",
		"Total": "1"
	}, {
		"Name": "Park Cakes",
		"Total": "1"
	}, {
		"Name": "Pasquier",
		"Total": "1"
	}, {
		"Name": "Phd Nutrition",
		"Total": "1"
	}, {
		"Name": "Pulsin' Snacks",
		"Total": "1"
	}, {
		"Name": "Red",
		"Total": "1"
	}, {
		"Name": "Retail Brands Li",
		"Total": "1"
	}, {
		"Name": "Rowntrees",
		"Total": "1"
	}, {
		"Name": "Shaken Udder",
		"Total": "1"
	}, {
		"Name": "Skittles",
		"Total": "1"
	}, {
		"Name": "Snack A Jacks",
		"Total": "1"
	}, {
		"Name": "Starburst",
		"Total": "1"
	}, {
		"Name": "Sultans",
		"Total": "1"
	}, {
		"Name": "Swizzels",
		"Total": "1"
	}, {
		"Name": "Terrys",
		"Total": "1"
	}, {
		"Name": "Thomas J. Fudge'",
		"Total": "1"
	}, {
		"Name": "Toffee Crisp",
		"Total": "1"
	}, {
		"Name": "Toffifee",
		"Total": "1"
	}, {
		"Name": "Tootsie Roll",
		"Total": "1"
	}, {
		"Name": "Twisterz",
		"Total": "1"
	}, {
		"Name": "Unknown",
		"Total": "1"
	}, {
		"Name": "Weetabix Minis",
		"Total": "1"
	}, {
		"Name": "Weetos",
		"Total": "1"
	}, {
		"Name": "What Next Candy",
		"Total": "1"
	}, {
		"Name": "Winterbotham",
		"Total": "1"
	}, {
		"Name": "Yazoo",
		"Total": "1"
	}, {
		"Name": "Yeo Valley Organ",
		"Total": "1"
	}, {
		"Name": "Yoplait",
		"Total": "1"
	}],
	"Taxonomy": [{
		"name": "Food Cupboard",
		"category": " superDepartment ",
		"querystring": "superDepartment=Food+Cupboard",
		"total": "1418",
		"innerlevels": [{
			"name": "Chocolate",
			"category": " department ",
			"querystring": "superDepartment=Food+Cupboard&department=Chocolate",
			"total": "640",
			"innerlevels": [{
				"name": "Chocolate Boxes & Gifts",
				"category": " aisle ",
				"querystring": "superDepartment=Food+Cupboard&department=Chocolate&aisle=Chocolate+Boxes+%26+Gifts",
				"total": "147",
				"innerlevels": [{
					"name": "Luxury Chocolate Gifts",
					"category": " shelf ",
					"querystring": "superDepartment=Food+Cupboard&department=Chocolate&aisle=Chocolate+Boxes+%26+Gifts&shelf=Luxury+Chocolate+Gifts",
					"total": "48"
				}, {
					"name": "Chocolate Gifts Under £5",
					"category": " shelf ",
					"querystring": "superDepartment=Food+Cupboard&department=Chocolate&aisle=Chocolate+Boxes+%26+Gifts&shelf=Chocolate+Gifts+Under+%c2%a35",
					"total": "40"
				}, {
					"name": "Every Day Boxed Chocolate",
					"category": " shelf ",
					"querystring": "superDepartment=Food+Cupboard&department=Chocolate&aisle=Chocolate+Boxes+%26+Gifts&shelf=Every+Day+Boxed+Chocolate",
					"total": "38"
				}, {
					"name": "Chocolate Gifts £5-£10",
					"category": " shelf ",
					"querystring": "superDepartment=Food+Cupboard&department=Chocolate&aisle=Chocolate+Boxes+%26+Gifts&shelf=Chocolate+Gifts+%c2%a35-%c2%a310",
					"total": "21"
				}]
			}, {
				"name": "Easter Eggs",
				"category": " aisle ",
				"querystring": "superDepartment=Food+Cupboard&department=Chocolate&aisle=Easter+Eggs",
				"total": "133",
				"innerlevels": [{
					"name": "Treats & Mini Eggs",
					"category": " shelf ",
					"querystring": "superDepartment=Food+Cupboard&department=Chocolate&aisle=Easter+Eggs&shelf=Treats+%26+Mini+Eggs",
					"total": "39"
				}, {
					"name": "Large Easter Eggs",
					"category": " shelf ",
					"querystring": "superDepartment=Food+Cupboard&department=Chocolate&aisle=Easter+Eggs&shelf=Large+Easter+Eggs",
					"total": "27"
				}, {
					"name": "Medium Easter Eggs",
					"category": " shelf ",
					"querystring": "superDepartment=Food+Cupboard&department=Chocolate&aisle=Easter+Eggs&shelf=Medium+Easter+Eggs",
					"total": "18"
				}, {
					"name": "Giant Easter Eggs",
					"category": " shelf ",
					"querystring": "superDepartment=Food+Cupboard&department=Chocolate&aisle=Easter+Eggs&shelf=Giant+Easter+Eggs",
					"total": "16"
				}, {
					"name": "Eggs with Gifts",
					"category": " shelf ",
					"querystring": "superDepartment=Food+Cupboard&department=Chocolate&aisle=Easter+Eggs&shelf=Eggs+with+Gifts",
					"total": "14"
				}, {
					"name": "Egg Hunt Packs",
					"category": " shelf ",
					"querystring": "superDepartment=Food+Cupboard&department=Chocolate&aisle=Easter+Eggs&shelf=Egg+Hunt+Packs",
					"total": "8"
				}, {
					"name": "Luxury Easter Eggs",
					"category": " shelf ",
					"querystring": "superDepartment=Food+Cupboard&department=Chocolate&aisle=Easter+Eggs&shelf=Luxury+Easter+Eggs",
					"total": "5"
				}, {
					"name": "Small Easter Eggs",
					"category": " shelf ",
					"querystring": "superDepartment=Food+Cupboard&department=Chocolate&aisle=Easter+Eggs&shelf=Small+Easter+Eggs",
					"total": "4"
				}, {
					"name": "Free From Easter Eggs",
					"category": " shelf ",
					"querystring": "superDepartment=Food+Cupboard&department=Chocolate&aisle=Easter+Eggs&shelf=Free+From+Easter+Eggs",
					"total": "2"
				}]
			}, {
				"name": "Block Chocolate",
				"category": " aisle ",
				"querystring": "superDepartment=Food+Cupboard&department=Chocolate&aisle=Block+Chocolate",
				"total": "127",
				"innerlevels": [{
					"name": "Milk Block Chocolate",
					"category": " shelf ",
					"querystring": "superDepartment=Food+Cupboard&department=Chocolate&aisle=Block+Chocolate&shelf=Milk+Block+Chocolate",
					"total": "59"
				}, {
					"name": "Luxury Block Chocolate",
					"category": " shelf ",
					"querystring": "superDepartment=Food+Cupboard&department=Chocolate&aisle=Block+Chocolate&shelf=Luxury+Block+Chocolate",
					"total": "31"
				}, {
					"name": "Dark Block Chocolate",
					"category": " shelf ",
					"querystring": "superDepartment=Food+Cupboard&department=Chocolate&aisle=Block+Chocolate&shelf=Dark+Block+Chocolate",
					"total": "29"
				}, {
					"name": "Tesco Finest Block Chocolate",
					"category": " shelf ",
					"querystring": "superDepartment=Food+Cupboard&department=Chocolate&aisle=Block+Chocolate&shelf=Tesco+Finest+Block+Chocolate",
					"total": "4"
				}, {
					"name": "White Block Chocolate",
					"category": " shelf ",
					"querystring": "superDepartment=Food+Cupboard&department=Chocolate&aisle=Block+Chocolate&shelf=White+Block+Chocolate",
					"total": "4"
				}]
			}, {
				"name": "Multipack Chocolate",
				"category": " aisle ",
				"querystring": "superDepartment=Food+Cupboard&department=Chocolate&aisle=Multipack+Chocolate",
				"total": "81",
				"innerlevels": [{
					"name": "Full Size Multipack Chocolate",
					"category": " shelf ",
					"querystring": "superDepartment=Food+Cupboard&department=Chocolate&aisle=Multipack+Chocolate&shelf=Full+Size+Multipack+Chocolate",
					"total": "52"
				}, {
					"name": "Snacksize Multipack Chocolate",
					"category": " shelf ",
					"querystring": "superDepartment=Food+Cupboard&department=Chocolate&aisle=Multipack+Chocolate&shelf=Snacksize+Multipack+Chocolate",
					"total": "16"
				}, {
					"name": "Funsize Multipack Chocolate",
					"category": " shelf ",
					"querystring": "superDepartment=Food+Cupboard&department=Chocolate&aisle=Multipack+Chocolate&shelf=Funsize+Multipack+Chocolate",
					"total": "13"
				}]
			}, {
				"name": "Single Chocolate Bars & Bags",
				"category": " aisle ",
				"querystring": "superDepartment=Food+Cupboard&department=Chocolate&aisle=Single+Chocolate+Bars+%26+Bags",
				"total": "80",
				"innerlevels": [{
					"name": "Single Chocolate Bars",
					"category": " shelf ",
					"querystring": "superDepartment=Food+Cupboard&department=Chocolate&aisle=Single+Chocolate+Bars+%26+Bags&shelf=Single+Chocolate+Bars",
					"total": "73"
				}, {
					"name": "Single Chocolate Bags",
					"category": " shelf ",
					"querystring": "superDepartment=Food+Cupboard&department=Chocolate&aisle=Single+Chocolate+Bars+%26+Bags&shelf=Single+Chocolate+Bags",
					"total": "7"
				}]
			}, {
				"name": "Chocolate Pouches & Bags",
				"category": " aisle ",
				"querystring": "superDepartment=Food+Cupboard&department=Chocolate&aisle=Chocolate+Pouches+%26+Bags",
				"total": "72",
				"innerlevels": [{
					"name": "Chocolate Pouches & Bags",
					"category": " shelf ",
					"querystring": "superDepartment=Food+Cupboard&department=Chocolate&aisle=Chocolate+Pouches+%26+Bags&shelf=Chocolate+Pouches+%26+Bags",
					"total": "63"
				}, {
					"name": "Single Chocolate Bags",
					"category": " shelf ",
					"querystring": "superDepartment=Food+Cupboard&department=Chocolate&aisle=Chocolate+Pouches+%26+Bags&shelf=Single+Chocolate+Bags",
					"total": "8"
				}, {
					"name": "Large Chocolate Pouches & Bags",
					"category": " shelf ",
					"querystring": "superDepartment=Food+Cupboard&department=Chocolate&aisle=Chocolate+Pouches+%26+Bags&shelf=Large+Chocolate+Pouches+%26+Bags",
					"total": "1"
				}]
			}]
		}, {
			"name": "Biscuits & Cereal Bars",
			"category": " department ",
			"querystring": "superDepartment=Food+Cupboard&department=Biscuits+%26+Cereal+Bars",
			"total": "356",
			"innerlevels": [{
				"name": "Chocolate Biscuit Bars & Mini Biscuits",
				"category": " aisle ",
				"querystring": "superDepartment=Food+Cupboard&department=Biscuits+%26+Cereal+Bars&aisle=Chocolate+Biscuit+Bars+%26+Mini+Biscuits",
				"total": "82",
				"innerlevels": [{
					"name": "Wafer & Chocolate Biscuit Bars",
					"category": " shelf ",
					"querystring": "superDepartment=Food+Cupboard&department=Biscuits+%26+Cereal+Bars&aisle=Chocolate+Biscuit+Bars+%26+Mini+Biscuits&shelf=Wafer+%26+Chocolate+Biscuit+Bars",
					"total": "35"
				}, {
					"name": "Mini Biscuits",
					"category": " shelf ",
					"querystring": "superDepartment=Food+Cupboard&department=Biscuits+%26+Cereal+Bars&aisle=Chocolate+Biscuit+Bars+%26+Mini+Biscuits&shelf=Mini+Biscuits",
					"total": "29"
				}, {
					"name": "Flavoured Chocolate Biscuit Bars",
					"category": " shelf ",
					"querystring": "superDepartment=Food+Cupboard&department=Biscuits+%26+Cereal+Bars&aisle=Chocolate+Biscuit+Bars+%26+Mini+Biscuits&shelf=Flavoured+Chocolate+Biscuit+Bars",
					"total": "10"
				}, {
					"name": "Caramel Chocolate Biscuit Bars",
					"category": " shelf ",
					"querystring": "superDepartment=Food+Cupboard&department=Biscuits+%26+Cereal+Bars&aisle=Chocolate+Biscuit+Bars+%26+Mini+Biscuits&shelf=Caramel+Chocolate+Biscuit+Bars",
					"total": "8"
				}]
			}, {
				"name": "Biscuits On the Go",
				"category": " aisle ",
				"querystring": "superDepartment=Food+Cupboard&department=Biscuits+%26+Cereal+Bars&aisle=Biscuits+On+the+Go",
				"total": "69",
				"innerlevels": [{
					"name": "Wafer & Chocolate Biscuit Bars",
					"category": " shelf ",
					"querystring": "superDepartment=Food+Cupboard&department=Biscuits+%26+Cereal+Bars&aisle=Biscuits+On+the+Go&shelf=Wafer+%26+Chocolate+Biscuit+Bars",
					"total": "20"
				}, {
					"name": "Mini Biscuits",
					"category": " shelf ",
					"querystring": "superDepartment=Food+Cupboard&department=Biscuits+%26+Cereal+Bars&aisle=Biscuits+On+the+Go&shelf=Mini+Biscuits",
					"total": "13"
				}, {
					"name": "Flavoured Chocolate Biscuit Bars",
					"category": " shelf ",
					"querystring": "superDepartment=Food+Cupboard&department=Biscuits+%26+Cereal+Bars&aisle=Biscuits+On+the+Go&shelf=Flavoured+Chocolate+Biscuit+Bars",
					"total": "8"
				}, {
					"name": "Healthier Cereal Bars",
					"category": " shelf ",
					"querystring": "superDepartment=Food+Cupboard&department=Biscuits+%26+Cereal+Bars&aisle=Biscuits+On+the+Go&shelf=Healthier+Cereal+Bars",
					"total": "8"
				}, {
					"name": "Caramel Chocolate Biscuit Bars",
					"category": " shelf ",
					"querystring": "superDepartment=Food+Cupboard&department=Biscuits+%26+Cereal+Bars&aisle=Biscuits+On+the+Go&shelf=Caramel+Chocolate+Biscuit+Bars",
					"total": "8"
				}, {
					"name": "Sweet Treat Cereal Bars",
					"category": " shelf ",
					"querystring": "superDepartment=Food+Cupboard&department=Biscuits+%26+Cereal+Bars&aisle=Biscuits+On+the+Go&shelf=Sweet+Treat+Cereal+Bars",
					"total": "4"
				}, {
					"name": "Traditional Cereal Bars",
					"category": " shelf ",
					"querystring": "superDepartment=Food+Cupboard&department=Biscuits+%26+Cereal+Bars&aisle=Biscuits+On+the+Go&shelf=Traditional+Cereal+Bars",
					"total": "4"
				}, {
					"name": "Breakfast Biscuits",
					"category": " shelf ",
					"querystring": "superDepartment=Food+Cupboard&department=Biscuits+%26+Cereal+Bars&aisle=Biscuits+On+the+Go&shelf=Breakfast+Biscuits",
					"total": "4"
				}]
			}, {
				"name": "Chocolate Biscuits & Jaffa Cakes",
				"category": " aisle ",
				"querystring": "superDepartment=Food+Cupboard&department=Biscuits+%26+Cereal+Bars&aisle=Chocolate+Biscuits+%26+Jaffa+Cakes",
				"total": "64",
				"innerlevels": [{
					"name": "Milk Chocolate Biscuits",
					"category": " shelf ",
					"querystring": "superDepartment=Food+Cupboard&department=Biscuits+%26+Cereal+Bars&aisle=Chocolate+Biscuits+%26+Jaffa+Cakes&shelf=Milk+Chocolate+Biscuits",
					"total": "25"
				}, {
					"name": "Chocolate Digestives",
					"category": " shelf ",
					"querystring": "superDepartment=Food+Cupboard&department=Biscuits+%26+Cereal+Bars&aisle=Chocolate+Biscuits+%26+Jaffa+Cakes&shelf=Chocolate+Digestives",
					"total": "16"
				}, {
					"name": "Dark Chocolate Biscuits",
					"category": " shelf ",
					"querystring": "superDepartment=Food+Cupboard&department=Biscuits+%26+Cereal+Bars&aisle=Chocolate+Biscuits+%26+Jaffa+Cakes&shelf=Dark+Chocolate+Biscuits",
					"total": "9"
				}, {
					"name": "Jaffa Cakes",
					"category": " shelf ",
					"querystring": "superDepartment=Food+Cupboard&department=Biscuits+%26+Cereal+Bars&aisle=Chocolate+Biscuits+%26+Jaffa+Cakes&shelf=Jaffa+Cakes",
					"total": "7"
				}, {
					"name": "Tea Cakes & Marshmallow Biscuits",
					"category": " shelf ",
					"querystring": "superDepartment=Food+Cupboard&department=Biscuits+%26+Cereal+Bars&aisle=Chocolate+Biscuits+%26+Jaffa+Cakes&shelf=Tea+Cakes+%26+Marshmallow+Biscuits",
					"total": "4"
				}, {
					"name": "Chocolate Fingers",
					"category": " shelf ",
					"querystring": "superDepartment=Food+Cupboard&department=Biscuits+%26+Cereal+Bars&aisle=Chocolate+Biscuits+%26+Jaffa+Cakes&shelf=Chocolate+Fingers",
					"total": "3"
				}]
			}, {
				"name": "Family Biscuits",
				"category": " aisle ",
				"querystring": "superDepartment=Food+Cupboard&department=Biscuits+%26+Cereal+Bars&aisle=Family+Biscuits",
				"total": "43",
				"innerlevels": [{
					"name": "Family Chocolate Biscuits",
					"category": " shelf ",
					"querystring": "superDepartment=Food+Cupboard&department=Biscuits+%26+Cereal+Bars&aisle=Family+Biscuits&shelf=Family+Chocolate+Biscuits",
					"total": "30"
				}, {
					"name": "Family Mini Biscuits",
					"category": " shelf ",
					"querystring": "superDepartment=Food+Cupboard&department=Biscuits+%26+Cereal+Bars&aisle=Family+Biscuits&shelf=Family+Mini+Biscuits",
					"total": "9"
				}, {
					"name": "Family Biscuits",
					"category": " shelf ",
					"querystring": "superDepartment=Food+Cupboard&department=Biscuits+%26+Cereal+Bars&aisle=Family+Biscuits&shelf=Family+Biscuits",
					"total": "4"
				}]
			}, {
				"name": "Cereal Bars & Breakfast Biscuits",
				"category": " aisle ",
				"querystring": "superDepartment=Food+Cupboard&department=Biscuits+%26+Cereal+Bars&aisle=Cereal+Bars+%26+Breakfast+Biscuits",
				"total": "31",
				"innerlevels": [{
					"name": "Healthier Cereal Bars",
					"category": " shelf ",
					"querystring": "superDepartment=Food+Cupboard&department=Biscuits+%26+Cereal+Bars&aisle=Cereal+Bars+%26+Breakfast+Biscuits&shelf=Healthier+Cereal+Bars",
					"total": "8"
				}, {
					"name": "Traditional Cereal Bars",
					"category": " shelf ",
					"querystring": "superDepartment=Food+Cupboard&department=Biscuits+%26+Cereal+Bars&aisle=Cereal+Bars+%26+Breakfast+Biscuits&shelf=Traditional+Cereal+Bars",
					"total": "8"
				}, {
					"name": "Breakfast Biscuits",
					"category": " shelf ",
					"querystring": "superDepartment=Food+Cupboard&department=Biscuits+%26+Cereal+Bars&aisle=Cereal+Bars+%26+Breakfast+Biscuits&shelf=Breakfast+Biscuits",
					"total": "8"
				}, {
					"name": "Sweet Treat Cereal Bars",
					"category": " shelf ",
					"querystring": "superDepartment=Food+Cupboard&department=Biscuits+%26+Cereal+Bars&aisle=Cereal+Bars+%26+Breakfast+Biscuits&shelf=Sweet+Treat+Cereal+Bars",
					"total": "7"
				}]
			}, {
				"name": "Cookies",
				"category": " aisle ",
				"querystring": "superDepartment=Food+Cupboard&department=Biscuits+%26+Cereal+Bars&aisle=Cookies",
				"total": "22",
				"innerlevels": [{
					"name": "Chocolate Chip Cookies",
					"category": " shelf ",
					"querystring": "superDepartment=Food+Cupboard&department=Biscuits+%26+Cereal+Bars&aisle=Cookies&shelf=Chocolate+Chip+Cookies",
					"total": "21"
				}, {
					"name": "Nut & Peanut Cookies",
					"category": " shelf ",
					"querystring": "superDepartment=Food+Cupboard&department=Biscuits+%26+Cereal+Bars&aisle=Cookies&shelf=Nut+%26+Peanut+Cookies",
					"total": "1"
				}]
			}, {
				"name": "Luxury, Continental & Shortbread Biscuits",
				"category": " aisle ",
				"querystring": "superDepartment=Food+Cupboard&department=Biscuits+%26+Cereal+Bars&aisle=Luxury%2c+Continental+%26+Shortbread+Biscuits",
				"total": "21",
				"innerlevels": [{
					"name": "Luxury & Continental Biscuits",
					"category": " shelf ",
					"querystring": "superDepartment=Food+Cupboard&department=Biscuits+%26+Cereal+Bars&aisle=Luxury%2c+Continental+%26+Shortbread+Biscuits&shelf=Luxury+%26+Continental+Biscuits",
					"total": "21"
				}]
			}, {
				"name": "Everyday Biscuits",
				"category": " aisle ",
				"querystring": "superDepartment=Food+Cupboard&department=Biscuits+%26+Cereal+Bars&aisle=Everyday+Biscuits",
				"total": "16",
				"innerlevels": [{
					"name": "Custard Creams & Cream Biscuits",
					"category": " shelf ",
					"querystring": "superDepartment=Food+Cupboard&department=Biscuits+%26+Cereal+Bars&aisle=Everyday+Biscuits&shelf=Custard+Creams+%26+Cream+Biscuits",
					"total": "12"
				}, {
					"name": "Digestive Biscuits",
					"category": " shelf ",
					"querystring": "superDepartment=Food+Cupboard&department=Biscuits+%26+Cereal+Bars&aisle=Everyday+Biscuits&shelf=Digestive+Biscuits",
					"total": "2"
				}, {
					"name": "Rich Tea, Nice & Oat Biscuits",
					"category": " shelf ",
					"querystring": "superDepartment=Food+Cupboard&department=Biscuits+%26+Cereal+Bars&aisle=Everyday+Biscuits&shelf=Rich+Tea%2c+Nice+%26+Oat+Biscuits",
					"total": "1"
				}, {
					"name": "Everyday Biscuits",
					"category": " shelf ",
					"querystring": "superDepartment=Food+Cupboard&department=Biscuits+%26+Cereal+Bars&aisle=Everyday+Biscuits&shelf=Everyday+Biscuits",
					"total": "1"
				}]
			}, {
				"name": "Light & Healthier Biscuits",
				"category": " aisle ",
				"querystring": "superDepartment=Food+Cupboard&department=Biscuits+%26+Cereal+Bars&aisle=Light+%26+Healthier+Biscuits",
				"total": "8",
				"innerlevels": [{
					"name": "Healthier Cereal Bars",
					"category": " shelf ",
					"querystring": "superDepartment=Food+Cupboard&department=Biscuits+%26+Cereal+Bars&aisle=Light+%26+Healthier+Biscuits&shelf=Healthier+Cereal+Bars",
					"total": "7"
				}, {
					"name": "Healthier Biscuits",
					"category": " shelf ",
					"querystring": "superDepartment=Food+Cupboard&department=Biscuits+%26+Cereal+Bars&aisle=Light+%26+Healthier+Biscuits&shelf=Healthier+Biscuits",
					"total": "1"
				}]
			}]
		}, {
			"name": "Easter Eggs, Chocolate & Sweets",
			"category": " department ",
			"querystring": "superDepartment=Food+Cupboard&department=Easter+Eggs%2c+Chocolate+%26+Sweets",
			"total": "132",
			"innerlevels": [{
				"name": "Easter Chocolate Treats & Sweets",
				"category": " aisle ",
				"querystring": "superDepartment=Food+Cupboard&department=Easter+Eggs%2c+Chocolate+%26+Sweets&aisle=Easter+Chocolate+Treats+%26+Sweets",
				"total": "73",
				"innerlevels": [{
					"name": "Chocolate Easter Treats & Egg Hunt",
					"category": " shelf ",
					"querystring": "superDepartment=Food+Cupboard&department=Easter+Eggs%2c+Chocolate+%26+Sweets&aisle=Easter+Chocolate+Treats+%26+Sweets&shelf=Chocolate+Easter+Treats+%26+Egg+Hunt",
					"total": "56"
				}, {
					"name": "Easter Gifts",
					"category": " shelf ",
					"querystring": "superDepartment=Food+Cupboard&department=Easter+Eggs%2c+Chocolate+%26+Sweets&aisle=Easter+Chocolate+Treats+%26+Sweets&shelf=Easter+Gifts",
					"total": "11"
				}, {
					"name": "Easter Chocolate Bunnies",
					"category": " shelf ",
					"querystring": "superDepartment=Food+Cupboard&department=Easter+Eggs%2c+Chocolate+%26+Sweets&aisle=Easter+Chocolate+Treats+%26+Sweets&shelf=Easter+Chocolate+Bunnies",
					"total": "5"
				}, {
					"name": "Easter Sweets",
					"category": " shelf ",
					"querystring": "superDepartment=Food+Cupboard&department=Easter+Eggs%2c+Chocolate+%26+Sweets&aisle=Easter+Chocolate+Treats+%26+Sweets&shelf=Easter+Sweets",
					"total": "1"
				}]
			}, {
				"name": "Easter Eggs",
				"category": " aisle ",
				"querystring": "superDepartment=Food+Cupboard&department=Easter+Eggs%2c+Chocolate+%26+Sweets&aisle=Easter+Eggs",
				"total": "59",
				"innerlevels": [{
					"name": "Large Easter Eggs",
					"category": " shelf ",
					"querystring": "superDepartment=Food+Cupboard&department=Easter+Eggs%2c+Chocolate+%26+Sweets&aisle=Easter+Eggs&shelf=Large+Easter+Eggs",
					"total": "20"
				}, {
					"name": "Giant Easter Eggs",
					"category": " shelf ",
					"querystring": "superDepartment=Food+Cupboard&department=Easter+Eggs%2c+Chocolate+%26+Sweets&aisle=Easter+Eggs&shelf=Giant+Easter+Eggs",
					"total": "14"
				}, {
					"name": "Luxury Easter Eggs",
					"category": " shelf ",
					"querystring": "superDepartment=Food+Cupboard&department=Easter+Eggs%2c+Chocolate+%26+Sweets&aisle=Easter+Eggs&shelf=Luxury+Easter+Eggs",
					"total": "9"
				}, {
					"name": "Medium Easter Eggs",
					"category": " shelf ",
					"querystring": "superDepartment=Food+Cupboard&department=Easter+Eggs%2c+Chocolate+%26+Sweets&aisle=Easter+Eggs&shelf=Medium+Easter+Eggs",
					"total": "9"
				}, {
					"name": "Mini Easter Eggs",
					"category": " shelf ",
					"querystring": "superDepartment=Food+Cupboard&department=Easter+Eggs%2c+Chocolate+%26+Sweets&aisle=Easter+Eggs&shelf=Mini+Easter+Eggs",
					"total": "7"
				}]
			}]
		}, {
			"name": "Sweets, Mints & Chewing Gum",
			"category": " department ",
			"querystring": "superDepartment=Food+Cupboard&department=Sweets%2c+Mints+%26+Chewing+Gum",
			"total": "89",
			"innerlevels": [{
				"name": "Party Packs",
				"category": " aisle ",
				"querystring": "superDepartment=Food+Cupboard&department=Sweets%2c+Mints+%26+Chewing+Gum&aisle=Party+Packs",
				"total": "27",
				"innerlevels": [{
					"name": "Chocolate Party Packs",
					"category": " shelf ",
					"querystring": "superDepartment=Food+Cupboard&department=Sweets%2c+Mints+%26+Chewing+Gum&aisle=Party+Packs&shelf=Chocolate+Party+Packs",
					"total": "20"
				}, {
					"name": "Sweet Party Packs",
					"category": " shelf ",
					"querystring": "superDepartment=Food+Cupboard&department=Sweets%2c+Mints+%26+Chewing+Gum&aisle=Party+Packs&shelf=Sweet+Party+Packs",
					"total": "7"
				}]
			}, {
				"name": "Kids Sweets",
				"category": " aisle ",
				"querystring": "superDepartment=Food+Cupboard&department=Sweets%2c+Mints+%26+Chewing+Gum&aisle=Kids+Sweets",
				"total": "22",
				"innerlevels": [{
					"name": "Kids Chocolate",
					"category": " shelf ",
					"querystring": "superDepartment=Food+Cupboard&department=Sweets%2c+Mints+%26+Chewing+Gum&aisle=Kids+Sweets&shelf=Kids+Chocolate",
					"total": "16"
				}, {
					"name": "Bags of Kids Sweets",
					"category": " shelf ",
					"querystring": "superDepartment=Food+Cupboard&department=Sweets%2c+Mints+%26+Chewing+Gum&aisle=Kids+Sweets&shelf=Bags+of+Kids+Sweets",
					"total": "4"
				}, {
					"name": "Lollipops and Hard Candy",
					"category": " shelf ",
					"querystring": "superDepartment=Food+Cupboard&department=Sweets%2c+Mints+%26+Chewing+Gum&aisle=Kids+Sweets&shelf=Lollipops+and+Hard+Candy",
					"total": "2"
				}]
			}, {
				"name": "Chewy Sweets",
				"category": " aisle ",
				"querystring": "superDepartment=Food+Cupboard&department=Sweets%2c+Mints+%26+Chewing+Gum&aisle=Chewy+Sweets",
				"total": "22",
				"innerlevels": [{
					"name": "Bags of Chewy Sweets",
					"category": " shelf ",
					"querystring": "superDepartment=Food+Cupboard&department=Sweets%2c+Mints+%26+Chewing+Gum&aisle=Chewy+Sweets&shelf=Bags+of+Chewy+Sweets",
					"total": "22"
				}]
			}, {
				"name": "Easter Sweets",
				"category": " aisle ",
				"querystring": "superDepartment=Food+Cupboard&department=Sweets%2c+Mints+%26+Chewing+Gum&aisle=Easter+Sweets",
				"total": "9",
				"innerlevels": [{
					"name": "Single portions",
					"category": " shelf ",
					"querystring": "superDepartment=Food+Cupboard&department=Sweets%2c+Mints+%26+Chewing+Gum&aisle=Easter+Sweets&shelf=Single+portions",
					"total": "6"
				}, {
					"name": "Cartons and Pouches",
					"category": " shelf ",
					"querystring": "superDepartment=Food+Cupboard&department=Sweets%2c+Mints+%26+Chewing+Gum&aisle=Easter+Sweets&shelf=Cartons+and+Pouches",
					"total": "2"
				}, {
					"name": "Party Packs",
					"category": " shelf ",
					"querystring": "superDepartment=Food+Cupboard&department=Sweets%2c+Mints+%26+Chewing+Gum&aisle=Easter+Sweets&shelf=Party+Packs",
					"total": "1"
				}]
			}, {
				"name": "Toffees & Fudge",
				"category": " aisle ",
				"querystring": "superDepartment=Food+Cupboard&department=Sweets%2c+Mints+%26+Chewing+Gum&aisle=Toffees+%26+Fudge",
				"total": "5",
				"innerlevels": [{
					"name": "Toffees",
					"category": " shelf ",
					"querystring": "superDepartment=Food+Cupboard&department=Sweets%2c+Mints+%26+Chewing+Gum&aisle=Toffees+%26+Fudge&shelf=Toffees",
					"total": "5"
				}]
			}, {
				"name": "Boiled Sweets",
				"category": " aisle ",
				"querystring": "superDepartment=Food+Cupboard&department=Sweets%2c+Mints+%26+Chewing+Gum&aisle=Boiled+Sweets",
				"total": "2",
				"innerlevels": [{
					"name": "Fruit Flavoured Boiled Sweets",
					"category": " shelf ",
					"querystring": "superDepartment=Food+Cupboard&department=Sweets%2c+Mints+%26+Chewing+Gum&aisle=Boiled+Sweets&shelf=Fruit+Flavoured+Boiled+Sweets",
					"total": "2"
				}]
			}, {
				"name": "Jelly & Soft Sweets",
				"category": " aisle ",
				"querystring": "superDepartment=Food+Cupboard&department=Sweets%2c+Mints+%26+Chewing+Gum&aisle=Jelly+%26+Soft+Sweets",
				"total": "1",
				"innerlevels": [{
					"name": "Marshmallows",
					"category": " shelf ",
					"querystring": "superDepartment=Food+Cupboard&department=Sweets%2c+Mints+%26+Chewing+Gum&aisle=Jelly+%26+Soft+Sweets&shelf=Marshmallows",
					"total": "1"
				}]
			}, {
				"name": "Liquorice",
				"category": " aisle ",
				"querystring": "superDepartment=Food+Cupboard&department=Sweets%2c+Mints+%26+Chewing+Gum&aisle=Liquorice",
				"total": "1",
				"innerlevels": [{
					"name": "Liquorice",
					"category": " shelf ",
					"querystring": "superDepartment=Food+Cupboard&department=Sweets%2c+Mints+%26+Chewing+Gum&aisle=Liquorice&shelf=Liquorice",
					"total": "1"
				}]
			}]
		}, {
			"name": "Cereals",
			"category": " department ",
			"querystring": "superDepartment=Food+Cupboard&department=Cereals",
			"total": "58",
			"innerlevels": [{
				"name": "Breakfast on the Go",
				"category": " aisle ",
				"querystring": "superDepartment=Food+Cupboard&department=Cereals&aisle=Breakfast+on+the+Go",
				"total": "29",
				"innerlevels": [{
					"name": "Cereal Bars & Breakfast Biscuits",
					"category": " shelf ",
					"querystring": "superDepartment=Food+Cupboard&department=Cereals&aisle=Breakfast+on+the+Go&shelf=Cereal+Bars+%26+Breakfast+Biscuits",
					"total": "29"
				}]
			}, {
				"name": "Family Cereal",
				"category": " aisle ",
				"querystring": "superDepartment=Food+Cupboard&department=Cereals&aisle=Family+Cereal",
				"total": "26",
				"innerlevels": [{
					"name": "Chocolate Cereal",
					"category": " shelf ",
					"querystring": "superDepartment=Food+Cupboard&department=Cereals&aisle=Family+Cereal&shelf=Chocolate+Cereal",
					"total": "26"
				}]
			}, {
				"name": "Granola, Crisp & Clusters",
				"category": " aisle ",
				"querystring": "superDepartment=Food+Cupboard&department=Cereals&aisle=Granola%2c+Crisp+%26+Clusters",
				"total": "2",
				"innerlevels": [{
					"name": "Crisp & Cluster Cereal",
					"category": " shelf ",
					"querystring": "superDepartment=Food+Cupboard&department=Cereals&aisle=Granola%2c+Crisp+%26+Clusters&shelf=Crisp+%26+Cluster+Cereal",
					"total": "2"
				}]
			}, {
				"name": "Everyday Cereal",
				"category": " aisle ",
				"querystring": "superDepartment=Food+Cupboard&department=Cereals&aisle=Everyday+Cereal",
				"total": "1",
				"innerlevels": [{
					"name": "Wheat Biscuits Cereal",
					"category": " shelf ",
					"querystring": "superDepartment=Food+Cupboard&department=Cereals&aisle=Everyday+Cereal&shelf=Wheat+Biscuits+Cereal",
					"total": "1"
				}]
			}]
		}, {
			"name": "World Foods",
			"category": " department ",
			"querystring": "superDepartment=Food+Cupboard&department=World+Foods",
			"total": "50",
			"innerlevels": [{
				"name": "American Groceries",
				"category": " aisle ",
				"querystring": "superDepartment=Food+Cupboard&department=World+Foods&aisle=American+Groceries",
				"total": "48",
				"innerlevels": [{
					"name": "Chocolate & Sweets",
					"category": " shelf ",
					"querystring": "superDepartment=Food+Cupboard&department=World+Foods&aisle=American+Groceries&shelf=Chocolate+%26+Sweets",
					"total": "44"
				}, {
					"name": "Pretzels, Crisps & Snacks",
					"category": " shelf ",
					"querystring": "superDepartment=Food+Cupboard&department=World+Foods&aisle=American+Groceries&shelf=Pretzels%2c+Crisps+%26+Snacks",
					"total": "4"
				}]
			}, {
				"name": "Irish Groceries",
				"category": " aisle ",
				"querystring": "superDepartment=Food+Cupboard&department=World+Foods&aisle=Irish+Groceries",
				"total": "2",
				"innerlevels": [{
					"name": "Irish Groceries",
					"category": " shelf ",
					"querystring": "superDepartment=Food+Cupboard&department=World+Foods&aisle=Irish+Groceries&shelf=Irish+Groceries",
					"total": "2"
				}]
			}]
		}, {
			"name": "Organic & Free From",
			"category": " department ",
			"querystring": "superDepartment=Food+Cupboard&department=Organic+%26+Free+From",
			"total": "30",
			"innerlevels": [{
				"name": "Food Cupboard Free From",
				"category": " aisle ",
				"querystring": "superDepartment=Food+Cupboard&department=Organic+%26+Free+From&aisle=Food+Cupboard+Free+From",
				"total": "19",
				"innerlevels": [{
					"name": "Free From Range",
					"category": " shelf ",
					"querystring": "superDepartment=Food+Cupboard&department=Organic+%26+Free+From&aisle=Food+Cupboard+Free+From&shelf=Free+From+Range",
					"total": "17"
				}, {
					"name": "Free From Easter Eggs",
					"category": " shelf ",
					"querystring": "superDepartment=Food+Cupboard&department=Organic+%26+Free+From&aisle=Food+Cupboard+Free+From&shelf=Free+From+Easter+Eggs",
					"total": "2"
				}]
			}, {
				"name": "Wheat Free",
				"category": " aisle ",
				"querystring": "superDepartment=Food+Cupboard&department=Organic+%26+Free+From&aisle=Wheat+Free",
				"total": "4",
				"innerlevels": [{
					"name": "Wheat Free",
					"category": " shelf ",
					"querystring": "superDepartment=Food+Cupboard&department=Organic+%26+Free+From&aisle=Wheat+Free&shelf=Wheat+Free",
					"total": "4"
				}]
			}, {
				"name": "Gluten Free",
				"category": " aisle ",
				"querystring": "superDepartment=Food+Cupboard&department=Organic+%26+Free+From&aisle=Gluten+Free",
				"total": "4",
				"innerlevels": [{
					"name": "Gluten Free",
					"category": " shelf ",
					"querystring": "superDepartment=Food+Cupboard&department=Organic+%26+Free+From&aisle=Gluten+Free&shelf=Gluten+Free",
					"total": "4"
				}]
			}, {
				"name": "Dairy Free",
				"category": " aisle ",
				"querystring": "superDepartment=Food+Cupboard&department=Organic+%26+Free+From&aisle=Dairy+Free",
				"total": "3",
				"innerlevels": [{
					"name": "Dairy Free",
					"category": " shelf ",
					"querystring": "superDepartment=Food+Cupboard&department=Organic+%26+Free+From&aisle=Dairy+Free&shelf=Dairy+Free",
					"total": "3"
				}]
			}]
		}, {
			"name": "Home Baking",
			"category": " department ",
			"querystring": "superDepartment=Food+Cupboard&department=Home+Baking",
			"total": "25",
			"innerlevels": [{
				"name": "Baking",
				"category": " aisle ",
				"querystring": "superDepartment=Food+Cupboard&department=Home+Baking&aisle=Baking",
				"total": "11",
				"innerlevels": [{
					"name": "Cooking Chocolate",
					"category": " shelf ",
					"querystring": "superDepartment=Food+Cupboard&department=Home+Baking&aisle=Baking&shelf=Cooking+Chocolate",
					"total": "8"
				}, {
					"name": "Marzipan & Ready Icing",
					"category": " shelf ",
					"querystring": "superDepartment=Food+Cupboard&department=Home+Baking&aisle=Baking&shelf=Marzipan+%26+Ready+Icing",
					"total": "2"
				}, {
					"name": "Dessert Sauces & Syrup",
					"category": " shelf ",
					"querystring": "superDepartment=Food+Cupboard&department=Home+Baking&aisle=Baking&shelf=Dessert+Sauces+%26+Syrup",
					"total": "1"
				}]
			}, {
				"name": "Cooking Chocolate",
				"category": " aisle ",
				"querystring": "superDepartment=Food+Cupboard&department=Home+Baking&aisle=Cooking+Chocolate",
				"total": "5",
				"innerlevels": [{
					"name": "Milk Chocolate",
					"category": " shelf ",
					"querystring": "superDepartment=Food+Cupboard&department=Home+Baking&aisle=Cooking+Chocolate&shelf=Milk+Chocolate",
					"total": "5"
				}]
			}, {
				"name": "Baking Ingredients",
				"category": " aisle ",
				"querystring": "superDepartment=Food+Cupboard&department=Home+Baking&aisle=Baking+Ingredients",
				"total": "3",
				"innerlevels": [{
					"name": "Cocoa",
					"category": " shelf ",
					"querystring": "superDepartment=Food+Cupboard&department=Home+Baking&aisle=Baking+Ingredients&shelf=Cocoa",
					"total": "3"
				}]
			}, {
				"name": "Fruit Snacking",
				"category": " aisle ",
				"querystring": "superDepartment=Food+Cupboard&department=Home+Baking&aisle=Fruit+Snacking",
				"total": "2",
				"innerlevels": [{
					"name": "Fruit Snacking Singles",
					"category": " shelf ",
					"querystring": "superDepartment=Food+Cupboard&department=Home+Baking&aisle=Fruit+Snacking&shelf=Fruit+Snacking+Singles",
					"total": "2"
				}]
			}, {
				"name": "Dried Fruit & Nuts",
				"category": " aisle ",
				"querystring": "superDepartment=Food+Cupboard&department=Home+Baking&aisle=Dried+Fruit+%26+Nuts",
				"total": "2",
				"innerlevels": [{
					"name": "Other Dried Fruit",
					"category": " shelf ",
					"querystring": "superDepartment=Food+Cupboard&department=Home+Baking&aisle=Dried+Fruit+%26+Nuts&shelf=Other+Dried+Fruit",
					"total": "2"
				}]
			}, {
				"name": "Icing & Marzipan",
				"category": " aisle ",
				"querystring": "superDepartment=Food+Cupboard&department=Home+Baking&aisle=Icing+%26+Marzipan",
				"total": "2",
				"innerlevels": [{
					"name": "Frostings & Buttercreams",
					"category": " shelf ",
					"querystring": "superDepartment=Food+Cupboard&department=Home+Baking&aisle=Icing+%26+Marzipan&shelf=Frostings+%26+Buttercreams",
					"total": "2"
				}]
			}]
		}, {
			"name": "Jams, Sweet & Savoury Spreads",
			"category": " department ",
			"querystring": "superDepartment=Food+Cupboard&department=Jams%2c+Sweet+%26+Savoury+Spreads",
			"total": "19",
			"innerlevels": [{
				"name": "Chocolate & Sweet Spreads",
				"category": " aisle ",
				"querystring": "superDepartment=Food+Cupboard&department=Jams%2c+Sweet+%26+Savoury+Spreads&aisle=Chocolate+%26+Sweet+Spreads",
				"total": "19",
				"innerlevels": [{
					"name": "Chocolate Spread",
					"category": " shelf ",
					"querystring": "superDepartment=Food+Cupboard&department=Jams%2c+Sweet+%26+Savoury+Spreads&aisle=Chocolate+%26+Sweet+Spreads&shelf=Chocolate+Spread",
					"total": "19"
				}]
			}]
		}, {
			"name": "Desserts",
			"category": " department ",
			"querystring": "superDepartment=Food+Cupboard&department=Desserts",
			"total": "10",
			"innerlevels": [{
				"name": "Sponge Pudding",
				"category": " aisle ",
				"querystring": "superDepartment=Food+Cupboard&department=Desserts&aisle=Sponge+Pudding",
				"total": "5",
				"innerlevels": [{
					"name": "Sponge Pudding",
					"category": " shelf ",
					"querystring": "superDepartment=Food+Cupboard&department=Desserts&aisle=Sponge+Pudding&shelf=Sponge+Pudding",
					"total": "5"
				}]
			}, {
				"name": "Snacking & Dessert Pots",
				"category": " aisle ",
				"querystring": "superDepartment=Food+Cupboard&department=Desserts&aisle=Snacking+%26+Dessert+Pots",
				"total": "2",
				"innerlevels": [{
					"name": "Custard Pots",
					"category": " shelf ",
					"querystring": "superDepartment=Food+Cupboard&department=Desserts&aisle=Snacking+%26+Dessert+Pots&shelf=Custard+Pots",
					"total": "2"
				}]
			}, {
				"name": "Custard",
				"category": " aisle ",
				"querystring": "superDepartment=Food+Cupboard&department=Desserts&aisle=Custard",
				"total": "2",
				"innerlevels": [{
					"name": "Custard Pots",
					"category": " shelf ",
					"querystring": "superDepartment=Food+Cupboard&department=Desserts&aisle=Custard&shelf=Custard+Pots",
					"total": "2"
				}]
			}, {
				"name": "Meringues & Dessert Components",
				"category": " aisle ",
				"querystring": "superDepartment=Food+Cupboard&department=Desserts&aisle=Meringues+%26+Dessert+Components",
				"total": "1",
				"innerlevels": [{
					"name": "Sauces & Coulis",
					"category": " shelf ",
					"querystring": "superDepartment=Food+Cupboard&department=Desserts&aisle=Meringues+%26+Dessert+Components&shelf=Sauces+%26+Coulis",
					"total": "1"
				}]
			}]
		}, {
			"name": "Crisps, Snacks & Nuts",
			"category": " department ",
			"querystring": "superDepartment=Food+Cupboard&department=Crisps%2c+Snacks+%26+Nuts",
			"total": "4",
			"innerlevels": [{
				"name": "Popcorn",
				"category": " aisle ",
				"querystring": "superDepartment=Food+Cupboard&department=Crisps%2c+Snacks+%26+Nuts&aisle=Popcorn",
				"total": "2",
				"innerlevels": [{
					"name": "Sweet Popcorn",
					"category": " shelf ",
					"querystring": "superDepartment=Food+Cupboard&department=Crisps%2c+Snacks+%26+Nuts&aisle=Popcorn&shelf=Sweet+Popcorn",
					"total": "2"
				}]
			}, {
				"name": "Fruit Snacking",
				"category": " aisle ",
				"querystring": "superDepartment=Food+Cupboard&department=Crisps%2c+Snacks+%26+Nuts&aisle=Fruit+Snacking",
				"total": "2",
				"innerlevels": [{
					"name": "Fruit Snacking - Single Pack",
					"category": " shelf ",
					"querystring": "superDepartment=Food+Cupboard&department=Crisps%2c+Snacks+%26+Nuts&aisle=Fruit+Snacking&shelf=Fruit+Snacking+-+Single+Pack",
					"total": "2"
				}]
			}]
		}, {
			"name": "Crackers & Crispbreads",
			"category": " department ",
			"querystring": "superDepartment=Food+Cupboard&department=Crackers+%26+Crispbreads",
			"total": "4",
			"innerlevels": [{
				"name": "Rice Cakes & Corn Cakes",
				"category": " aisle ",
				"querystring": "superDepartment=Food+Cupboard&department=Crackers+%26+Crispbreads&aisle=Rice+Cakes+%26+Corn+Cakes",
				"total": "4",
				"innerlevels": [{
					"name": "Flavoured Rice Cakes",
					"category": " shelf ",
					"querystring": "superDepartment=Food+Cupboard&department=Crackers+%26+Crispbreads&aisle=Rice+Cakes+%26+Corn+Cakes&shelf=Flavoured+Rice+Cakes",
					"total": "4"
				}]
			}]
		}, {
			"name": "Tins, Cans & Packets",
			"category": " department ",
			"querystring": "superDepartment=Food+Cupboard&department=Tins%2c+Cans+%26+Packets",
			"total": "1",
			"innerlevels": [{
				"name": "Wholefood bread, dried fruits, nuts & seeds",
				"category": " aisle ",
				"querystring": "superDepartment=Food+Cupboard&department=Tins%2c+Cans+%26+Packets&aisle=Wholefood+bread%2c+dried+fruits%2c+nuts+%26+seeds",
				"total": "1",
				"innerlevels": [{
					"name": "Wholefood Nuts",
					"category": " shelf ",
					"querystring": "superDepartment=Food+Cupboard&department=Tins%2c+Cans+%26+Packets&aisle=Wholefood+bread%2c+dried+fruits%2c+nuts+%26+seeds&shelf=Wholefood+Nuts",
					"total": "1"
				}]
			}]
		}]
	}, {
		"name": "Fresh Food",
		"category": " superDepartment ",
		"querystring": "superDepartment=Fresh+Food",
		"total": "223",
		"innerlevels": [{
			"name": "Chilled Desserts",
			"category": " department ",
			"querystring": "superDepartment=Fresh+Food&department=Chilled+Desserts",
			"total": "146",
			"innerlevels": [{
				"name": "Chocolate Desserts",
				"category": " aisle ",
				"querystring": "superDepartment=Fresh+Food&department=Chilled+Desserts&aisle=Chocolate+Desserts",
				"total": "45",
				"innerlevels": [{
					"name": "Chocolate Mousse",
					"category": " shelf ",
					"querystring": "superDepartment=Fresh+Food&department=Chilled+Desserts&aisle=Chocolate+Desserts&shelf=Chocolate+Mousse",
					"total": "12"
				}, {
					"name": "Chocolate Smooth Desserts",
					"category": " shelf ",
					"querystring": "superDepartment=Fresh+Food&department=Chilled+Desserts&aisle=Chocolate+Desserts&shelf=Chocolate+Smooth+Desserts",
					"total": "8"
				}, {
					"name": "Chocolate Trifle",
					"category": " shelf ",
					"querystring": "superDepartment=Fresh+Food&department=Chilled+Desserts&aisle=Chocolate+Desserts&shelf=Chocolate+Trifle",
					"total": "7"
				}, {
					"name": "Chocolate Sponge Pudding",
					"category": " shelf ",
					"querystring": "superDepartment=Fresh+Food&department=Chilled+Desserts&aisle=Chocolate+Desserts&shelf=Chocolate+Sponge+Pudding",
					"total": "7"
				}, {
					"name": "Fresh Chocolate Cream Cakes & Choux Buns",
					"category": " shelf ",
					"querystring": "superDepartment=Fresh+Food&department=Chilled+Desserts&aisle=Chocolate+Desserts&shelf=Fresh+Chocolate+Cream+Cakes+%26+Choux+Buns",
					"total": "4"
				}, {
					"name": "Chocolate Sundaes",
					"category": " shelf ",
					"querystring": "superDepartment=Fresh+Food&department=Chilled+Desserts&aisle=Chocolate+Desserts&shelf=Chocolate+Sundaes",
					"total": "3"
				}, {
					"name": "Chocolate Split Pot & Twin Pot Desserts",
					"category": " shelf ",
					"querystring": "superDepartment=Fresh+Food&department=Chilled+Desserts&aisle=Chocolate+Desserts&shelf=Chocolate+Split+Pot+%26+Twin+Pot+Desserts",
					"total": "3"
				}, {
					"name": "Chocolate Cheesecake",
					"category": " shelf ",
					"querystring": "superDepartment=Fresh+Food&department=Chilled+Desserts&aisle=Chocolate+Desserts&shelf=Chocolate+Cheesecake",
					"total": "1"
				}]
			}, {
				"name": "Potted Desserts",
				"category": " aisle ",
				"querystring": "superDepartment=Fresh+Food&department=Chilled+Desserts&aisle=Potted+Desserts",
				"total": "39",
				"innerlevels": [{
					"name": "Single Mousse Treats",
					"category": " shelf ",
					"querystring": "superDepartment=Fresh+Food&department=Chilled+Desserts&aisle=Potted+Desserts&shelf=Single+Mousse+Treats",
					"total": "12"
				}, {
					"name": "Single Smooth Desserts",
					"category": " shelf ",
					"querystring": "superDepartment=Fresh+Food&department=Chilled+Desserts&aisle=Potted+Desserts&shelf=Single+Smooth+Desserts",
					"total": "8"
				}, {
					"name": "Luxury Entertaining Desserts",
					"category": " shelf ",
					"querystring": "superDepartment=Fresh+Food&department=Chilled+Desserts&aisle=Potted+Desserts&shelf=Luxury+Entertaining+Desserts",
					"total": "6"
				}, {
					"name": "Jelly Desserts",
					"category": " shelf ",
					"querystring": "superDepartment=Fresh+Food&department=Chilled+Desserts&aisle=Potted+Desserts&shelf=Jelly+Desserts",
					"total": "4"
				}, {
					"name": "Split & Twin Pot Desserts",
					"category": " shelf ",
					"querystring": "superDepartment=Fresh+Food&department=Chilled+Desserts&aisle=Potted+Desserts&shelf=Split+%26+Twin+Pot+Desserts",
					"total": "3"
				}, {
					"name": "Single Sundaes",
					"category": " shelf ",
					"querystring": "superDepartment=Fresh+Food&department=Chilled+Desserts&aisle=Potted+Desserts&shelf=Single+Sundaes",
					"total": "3"
				}, {
					"name": "Single Warm Puddings",
					"category": " shelf ",
					"querystring": "superDepartment=Fresh+Food&department=Chilled+Desserts&aisle=Potted+Desserts&shelf=Single+Warm+Puddings",
					"total": "2"
				}, {
					"name": "Cheesecake Singles",
					"category": " shelf ",
					"querystring": "superDepartment=Fresh+Food&department=Chilled+Desserts&aisle=Potted+Desserts&shelf=Cheesecake+Singles",
					"total": "1"
				}]
			}, {
				"name": "Mousses & Smooth Desserts",
				"category": " aisle ",
				"querystring": "superDepartment=Fresh+Food&department=Chilled+Desserts&aisle=Mousses+%26+Smooth+Desserts",
				"total": "27",
				"innerlevels": [{
					"name": "Chocolate Mousse",
					"category": " shelf ",
					"querystring": "superDepartment=Fresh+Food&department=Chilled+Desserts&aisle=Mousses+%26+Smooth+Desserts&shelf=Chocolate+Mousse",
					"total": "15"
				}, {
					"name": "Smooth Chocolate Pots",
					"category": " shelf ",
					"querystring": "superDepartment=Fresh+Food&department=Chilled+Desserts&aisle=Mousses+%26+Smooth+Desserts&shelf=Smooth+Chocolate+Pots",
					"total": "8"
				}, {
					"name": "Split Pot & Twin Pot Desserts",
					"category": " shelf ",
					"querystring": "superDepartment=Fresh+Food&department=Chilled+Desserts&aisle=Mousses+%26+Smooth+Desserts&shelf=Split+Pot+%26+Twin+Pot+Desserts",
					"total": "4"
				}]
			}, {
				"name": "Desserts for Two",
				"category": " aisle ",
				"querystring": "superDepartment=Fresh+Food&department=Chilled+Desserts&aisle=Desserts+for+Two",
				"total": "13",
				"innerlevels": [{
					"name": "Warm Puddings & Crumbles for Two",
					"category": " shelf ",
					"querystring": "superDepartment=Fresh+Food&department=Chilled+Desserts&aisle=Desserts+for+Two&shelf=Warm+Puddings+%26+Crumbles+for+Two",
					"total": "4"
				}, {
					"name": "Fresh Cream Cakes for Two",
					"category": " shelf ",
					"querystring": "superDepartment=Fresh+Food&department=Chilled+Desserts&aisle=Desserts+for+Two&shelf=Fresh+Cream+Cakes+for+Two",
					"total": "3"
				}, {
					"name": "Smooth Desserts for Two",
					"category": " shelf ",
					"querystring": "superDepartment=Fresh+Food&department=Chilled+Desserts&aisle=Desserts+for+Two&shelf=Smooth+Desserts+for+Two",
					"total": "2"
				}, {
					"name": "Trifle for Two",
					"category": " shelf ",
					"querystring": "superDepartment=Fresh+Food&department=Chilled+Desserts&aisle=Desserts+for+Two&shelf=Trifle+for+Two",
					"total": "2"
				}, {
					"name": "Continental Desserts for Two",
					"category": " shelf ",
					"querystring": "superDepartment=Fresh+Food&department=Chilled+Desserts&aisle=Desserts+for+Two&shelf=Continental+Desserts+for+Two",
					"total": "1"
				}, {
					"name": "Cheesecake for Two",
					"category": " shelf ",
					"querystring": "superDepartment=Fresh+Food&department=Chilled+Desserts&aisle=Desserts+for+Two&shelf=Cheesecake+for+Two",
					"total": "1"
				}]
			}, {
				"name": "Trifle",
				"category": " aisle ",
				"querystring": "superDepartment=Fresh+Food&department=Chilled+Desserts&aisle=Trifle",
				"total": "7",
				"innerlevels": [{
					"name": "Chocolate Trifle",
					"category": " shelf ",
					"querystring": "superDepartment=Fresh+Food&department=Chilled+Desserts&aisle=Trifle&shelf=Chocolate+Trifle",
					"total": "7"
				}]
			}, {
				"name": "Crumbles, Pies & Hot Puddings",
				"category": " aisle ",
				"querystring": "superDepartment=Fresh+Food&department=Chilled+Desserts&aisle=Crumbles%2c+Pies+%26+Hot+Puddings",
				"total": "7",
				"innerlevels": [{
					"name": "Chocolate Sponge Pudding",
					"category": " shelf ",
					"querystring": "superDepartment=Fresh+Food&department=Chilled+Desserts&aisle=Crumbles%2c+Pies+%26+Hot+Puddings&shelf=Chocolate+Sponge+Pudding",
					"total": "7"
				}]
			}, {
				"name": "Fresh Cream Cakes & Custard Tarts",
				"category": " aisle ",
				"querystring": "superDepartment=Fresh+Food&department=Chilled+Desserts&aisle=Fresh+Cream+Cakes+%26+Custard+Tarts",
				"total": "4",
				"innerlevels": [{
					"name": "Fresh Eclairs",
					"category": " shelf ",
					"querystring": "superDepartment=Fresh+Food&department=Chilled+Desserts&aisle=Fresh+Cream+Cakes+%26+Custard+Tarts&shelf=Fresh+Eclairs",
					"total": "3"
				}, {
					"name": "Choux Buns",
					"category": " shelf ",
					"querystring": "superDepartment=Fresh+Food&department=Chilled+Desserts&aisle=Fresh+Cream+Cakes+%26+Custard+Tarts&shelf=Choux+Buns",
					"total": "1"
				}]
			}, {
				"name": "Continental Desserts",
				"category": " aisle ",
				"querystring": "superDepartment=Fresh+Food&department=Chilled+Desserts&aisle=Continental+Desserts",
				"total": "3",
				"innerlevels": [{
					"name": "Eclairs",
					"category": " shelf ",
					"querystring": "superDepartment=Fresh+Food&department=Chilled+Desserts&aisle=Continental+Desserts&shelf=Eclairs",
					"total": "3"
				}]
			}, {
				"name": "Cheesecake",
				"category": " aisle ",
				"querystring": "superDepartment=Fresh+Food&department=Chilled+Desserts&aisle=Cheesecake",
				"total": "1",
				"innerlevels": [{
					"name": "Chocolate Cheesecake",
					"category": " shelf ",
					"querystring": "superDepartment=Fresh+Food&department=Chilled+Desserts&aisle=Cheesecake&shelf=Chocolate+Cheesecake",
					"total": "1"
				}]
			}]
		}, {
			"name": "Yoghurts",
			"category": " department ",
			"querystring": "superDepartment=Fresh+Food&department=Yoghurts",
			"total": "46",
			"innerlevels": [{
				"name": "Indulgent Yoghurts & Dairy Desserts",
				"category": " aisle ",
				"querystring": "superDepartment=Fresh+Food&department=Yoghurts&aisle=Indulgent+Yoghurts+%26+Dairy+Desserts",
				"total": "32",
				"innerlevels": [{
					"name": "Chocolate & Dessert Style Yoghurts",
					"category": " shelf ",
					"querystring": "superDepartment=Fresh+Food&department=Yoghurts&aisle=Indulgent+Yoghurts+%26+Dairy+Desserts&shelf=Chocolate+%26+Dessert+Style+Yoghurts",
					"total": "23"
				}, {
					"name": "Mousses",
					"category": " shelf ",
					"querystring": "superDepartment=Fresh+Food&department=Yoghurts&aisle=Indulgent+Yoghurts+%26+Dairy+Desserts&shelf=Mousses",
					"total": "9"
				}]
			}, {
				"name": "Fat Free & Low Fat Yoghurt",
				"category": " aisle ",
				"querystring": "superDepartment=Fresh+Food&department=Yoghurts&aisle=Fat+Free+%26+Low+Fat+Yoghurt",
				"total": "7",
				"innerlevels": [{
					"name": "Fat Free Yoghurt",
					"category": " shelf ",
					"querystring": "superDepartment=Fresh+Food&department=Yoghurts&aisle=Fat+Free+%26+Low+Fat+Yoghurt&shelf=Fat+Free+Yoghurt",
					"total": "4"
				}, {
					"name": "Low Fat Yoghurt",
					"category": " shelf ",
					"querystring": "superDepartment=Fresh+Food&department=Yoghurts&aisle=Fat+Free+%26+Low+Fat+Yoghurt&shelf=Low+Fat+Yoghurt",
					"total": "3"
				}]
			}, {
				"name": "Corner Yoghurt",
				"category": " aisle ",
				"querystring": "superDepartment=Fresh+Food&department=Yoghurts&aisle=Corner+Yoghurt",
				"total": "7",
				"innerlevels": [{
					"name": "Crunch Corner Yoghurt",
					"category": " shelf ",
					"querystring": "superDepartment=Fresh+Food&department=Yoghurts&aisle=Corner+Yoghurt&shelf=Crunch+Corner+Yoghurt",
					"total": "7"
				}]
			}]
		}, {
			"name": "Milk, Butter & Eggs",
			"category": " department ",
			"querystring": "superDepartment=Fresh+Food&department=Milk%2c+Butter+%26+Eggs",
			"total": "23",
			"innerlevels": [{
				"name": "Fresh Milk",
				"category": " aisle ",
				"querystring": "superDepartment=Fresh+Food&department=Milk%2c+Butter+%26+Eggs&aisle=Fresh+Milk",
				"total": "20",
				"innerlevels": [{
					"name": "Flavoured Milk & Iced Coffee",
					"category": " shelf ",
					"querystring": "superDepartment=Fresh+Food&department=Milk%2c+Butter+%26+Eggs&aisle=Fresh+Milk&shelf=Flavoured+Milk+%26+Iced+Coffee",
					"total": "13"
				}, {
					"name": "Long Life Milk & Long Life Dairy Alternatives",
					"category": " shelf ",
					"querystring": "superDepartment=Fresh+Food&department=Milk%2c+Butter+%26+Eggs&aisle=Fresh+Milk&shelf=Long+Life+Milk+%26+Long+Life+Dairy+Alternatives",
					"total": "6"
				}, {
					"name": "Milk Alternatives",
					"category": " shelf ",
					"querystring": "superDepartment=Fresh+Food&department=Milk%2c+Butter+%26+Eggs&aisle=Fresh+Milk&shelf=Milk+Alternatives",
					"total": "1"
				}]
			}, {
				"name": "Fresh Pastry & Fresh Baking",
				"category": " aisle ",
				"querystring": "superDepartment=Fresh+Food&department=Milk%2c+Butter+%26+Eggs&aisle=Fresh+Pastry+%26+Fresh+Baking",
				"total": "3",
				"innerlevels": [{
					"name": "Ready To Bake Pastries",
					"category": " shelf ",
					"querystring": "superDepartment=Fresh+Food&department=Milk%2c+Butter+%26+Eggs&aisle=Fresh+Pastry+%26+Fresh+Baking&shelf=Ready+To+Bake+Pastries",
					"total": "3"
				}]
			}]
		}, {
			"name": "Dairy Alternatives & Cholesterol Reducing",
			"category": " department ",
			"querystring": "superDepartment=Fresh+Food&department=Dairy+Alternatives+%26+Cholesterol+Reducing",
			"total": "7",
			"innerlevels": [{
				"name": "Dairy Free Milk Alternatives",
				"category": " aisle ",
				"querystring": "superDepartment=Fresh+Food&department=Dairy+Alternatives+%26+Cholesterol+Reducing&aisle=Dairy+Free+Milk+Alternatives",
				"total": "5",
				"innerlevels": [{
					"name": "Long Life Soya Milk Alternative",
					"category": " shelf ",
					"querystring": "superDepartment=Fresh+Food&department=Dairy+Alternatives+%26+Cholesterol+Reducing&aisle=Dairy+Free+Milk+Alternatives&shelf=Long+Life+Soya+Milk+Alternative",
					"total": "2"
				}, {
					"name": "Oat Milk Alternative",
					"category": " shelf ",
					"querystring": "superDepartment=Fresh+Food&department=Dairy+Alternatives+%26+Cholesterol+Reducing&aisle=Dairy+Free+Milk+Alternatives&shelf=Oat+Milk+Alternative",
					"total": "1"
				}, {
					"name": "Fresh Soya Milk Alternative",
					"category": " shelf ",
					"querystring": "superDepartment=Fresh+Food&department=Dairy+Alternatives+%26+Cholesterol+Reducing&aisle=Dairy+Free+Milk+Alternatives&shelf=Fresh+Soya+Milk+Alternative",
					"total": "1"
				}, {
					"name": "Almond Milk Alternative",
					"category": " shelf ",
					"querystring": "superDepartment=Fresh+Food&department=Dairy+Alternatives+%26+Cholesterol+Reducing&aisle=Dairy+Free+Milk+Alternatives&shelf=Almond+Milk+Alternative",
					"total": "1"
				}]
			}, {
				"name": "Dairy Free Desserts Alternatives",
				"category": " aisle ",
				"querystring": "superDepartment=Fresh+Food&department=Dairy+Alternatives+%26+Cholesterol+Reducing&aisle=Dairy+Free+Desserts+Alternatives",
				"total": "2",
				"innerlevels": [{
					"name": "Custard & Desserts Alternatives",
					"category": " shelf ",
					"querystring": "superDepartment=Fresh+Food&department=Dairy+Alternatives+%26+Cholesterol+Reducing&aisle=Dairy+Free+Desserts+Alternatives&shelf=Custard+%26+Desserts+Alternatives",
					"total": "2"
				}]
			}]
		}, {
			"name": "Chilled Ready Meals",
			"category": " department ",
			"querystring": "superDepartment=Fresh+Food&department=Chilled+Ready+Meals",
			"total": "1",
			"innerlevels": [{
				"name": "Meal Deals",
				"category": " aisle ",
				"querystring": "superDepartment=Fresh+Food&department=Chilled+Ready+Meals&aisle=Meal+Deals",
				"total": "1",
				"innerlevels": [{
					"name": "Finest Meal Deal",
					"category": " shelf ",
					"querystring": "superDepartment=Fresh+Food&department=Chilled+Ready+Meals&aisle=Meal+Deals&shelf=Finest+Meal+Deal",
					"total": "1"
				}]
			}]
		}]
	}, {
		"name": "Drinks",
		"category": " superDepartment ",
		"querystring": "superDepartment=Drinks",
		"total": "126",
		"innerlevels": [{
			"name": "Hot Chocolate & Malted Drinks",
			"category": " department ",
			"querystring": "superDepartment=Drinks&department=Hot+Chocolate+%26+Malted+Drinks",
			"total": "116",
			"innerlevels": [{
				"name": "Hot Chocolate",
				"category": " aisle ",
				"querystring": "superDepartment=Drinks&department=Hot+Chocolate+%26+Malted+Drinks&aisle=Hot+Chocolate",
				"total": "98",
				"innerlevels": [{
					"name": "Hot Chocolate",
					"category": " shelf ",
					"querystring": "superDepartment=Drinks&department=Hot+Chocolate+%26+Malted+Drinks&aisle=Hot+Chocolate&shelf=Hot+Chocolate",
					"total": "34"
				}, {
					"name": "Add Water",
					"category": " shelf ",
					"querystring": "superDepartment=Drinks&department=Hot+Chocolate+%26+Malted+Drinks&aisle=Hot+Chocolate&shelf=Add+Water",
					"total": "31"
				}, {
					"name": "Diet Hot Chocolate",
					"category": " shelf ",
					"querystring": "superDepartment=Drinks&department=Hot+Chocolate+%26+Malted+Drinks&aisle=Hot+Chocolate&shelf=Diet+Hot+Chocolate",
					"total": "19"
				}, {
					"name": "Stickpacks",
					"category": " shelf ",
					"querystring": "superDepartment=Drinks&department=Hot+Chocolate+%26+Malted+Drinks&aisle=Hot+Chocolate&shelf=Stickpacks",
					"total": "11"
				}, {
					"name": "Add Milk",
					"category": " shelf ",
					"querystring": "superDepartment=Drinks&department=Hot+Chocolate+%26+Malted+Drinks&aisle=Hot+Chocolate&shelf=Add+Milk",
					"total": "3"
				}]
			}, {
				"name": "Malted Drinks",
				"category": " aisle ",
				"querystring": "superDepartment=Drinks&department=Hot+Chocolate+%26+Malted+Drinks&aisle=Malted+Drinks",
				"total": "18",
				"innerlevels": [{
					"name": "Add Water",
					"category": " shelf ",
					"querystring": "superDepartment=Drinks&department=Hot+Chocolate+%26+Malted+Drinks&aisle=Malted+Drinks&shelf=Add+Water",
					"total": "8"
				}, {
					"name": "Malted Drinks",
					"category": " shelf ",
					"querystring": "superDepartment=Drinks&department=Hot+Chocolate+%26+Malted+Drinks&aisle=Malted+Drinks&shelf=Malted+Drinks",
					"total": "8"
				}, {
					"name": "Stickpacks",
					"category": " shelf ",
					"querystring": "superDepartment=Drinks&department=Hot+Chocolate+%26+Malted+Drinks&aisle=Malted+Drinks&shelf=Stickpacks",
					"total": "2"
				}]
			}]
		}, {
			"name": "Milkshake",
			"category": " department ",
			"querystring": "superDepartment=Drinks&department=Milkshake",
			"total": "10",
			"innerlevels": [{
				"name": "Ready To Drink Milkshakes",
				"category": " aisle ",
				"querystring": "superDepartment=Drinks&department=Milkshake&aisle=Ready+To+Drink+Milkshakes",
				"total": "10",
				"innerlevels": [{
					"name": "Chocolate Milkshake",
					"category": " shelf ",
					"querystring": "superDepartment=Drinks&department=Milkshake&aisle=Ready+To+Drink+Milkshakes&shelf=Chocolate+Milkshake",
					"total": "9"
				}, {
					"name": "Milkshakes",
					"category": " shelf ",
					"querystring": "superDepartment=Drinks&department=Milkshake&aisle=Ready+To+Drink+Milkshakes&shelf=Milkshakes",
					"total": "1"
				}]
			}]
		}]
	}, {
		"name": "Bakery",
		"category": " superDepartment ",
		"querystring": "superDepartment=Bakery",
		"total": "104",
		"innerlevels": [{
			"name": "Cakes, Cake Bars, Slices & Pies",
			"category": " department ",
			"querystring": "superDepartment=Bakery&department=Cakes%2c+Cake+Bars%2c+Slices+%26+Pies",
			"total": "46",
			"innerlevels": [{
				"name": "Small Cakes, Bites & Slices",
				"category": " aisle ",
				"querystring": "superDepartment=Bakery&department=Cakes%2c+Cake+Bars%2c+Slices+%26+Pies&aisle=Small+Cakes%2c+Bites+%26+Slices",
				"total": "29",
				"innerlevels": [{
					"name": "Cake Bites",
					"category": " shelf ",
					"querystring": "superDepartment=Bakery&department=Cakes%2c+Cake+Bars%2c+Slices+%26+Pies&aisle=Small+Cakes%2c+Bites+%26+Slices&shelf=Cake+Bites",
					"total": "11"
				}, {
					"name": "Cake Bars & Mini Rolls",
					"category": " shelf ",
					"querystring": "superDepartment=Bakery&department=Cakes%2c+Cake+Bars%2c+Slices+%26+Pies&aisle=Small+Cakes%2c+Bites+%26+Slices&shelf=Cake+Bars+%26+Mini+Rolls",
					"total": "11"
				}, {
					"name": "Cake Slices",
					"category": " shelf ",
					"querystring": "superDepartment=Bakery&department=Cakes%2c+Cake+Bars%2c+Slices+%26+Pies&aisle=Small+Cakes%2c+Bites+%26+Slices&shelf=Cake+Slices",
					"total": "4"
				}, {
					"name": "Cupcakes",
					"category": " shelf ",
					"querystring": "superDepartment=Bakery&department=Cakes%2c+Cake+Bars%2c+Slices+%26+Pies&aisle=Small+Cakes%2c+Bites+%26+Slices&shelf=Cupcakes",
					"total": "3"
				}]
			}, {
				"name": "Birthday & Celebration Cakes",
				"category": " aisle ",
				"querystring": "superDepartment=Bakery&department=Cakes%2c+Cake+Bars%2c+Slices+%26+Pies&aisle=Birthday+%26+Celebration+Cakes",
				"total": "9",
				"innerlevels": [{
					"name": "Birthday & Celebration Cakes",
					"category": " shelf ",
					"querystring": "superDepartment=Bakery&department=Cakes%2c+Cake+Bars%2c+Slices+%26+Pies&aisle=Birthday+%26+Celebration+Cakes&shelf=Birthday+%26+Celebration+Cakes",
					"total": "9"
				}]
			}, {
				"name": "Seasonal Cakes",
				"category": " aisle ",
				"querystring": "superDepartment=Bakery&department=Cakes%2c+Cake+Bars%2c+Slices+%26+Pies&aisle=Seasonal+Cakes",
				"total": "4",
				"innerlevels": [{
					"name": "Easter Cakes",
					"category": " shelf ",
					"querystring": "superDepartment=Bakery&department=Cakes%2c+Cake+Bars%2c+Slices+%26+Pies&aisle=Seasonal+Cakes&shelf=Easter+Cakes",
					"total": "4"
				}]
			}, {
				"name": "Large Sharing Cakes",
				"category": " aisle ",
				"querystring": "superDepartment=Bakery&department=Cakes%2c+Cake+Bars%2c+Slices+%26+Pies&aisle=Large+Sharing+Cakes",
				"total": "3",
				"innerlevels": [{
					"name": "Swiss Rolls",
					"category": " shelf ",
					"querystring": "superDepartment=Bakery&department=Cakes%2c+Cake+Bars%2c+Slices+%26+Pies&aisle=Large+Sharing+Cakes&shelf=Swiss+Rolls",
					"total": "3"
				}]
			}, {
				"name": "Flapjacks & Traybakes",
				"category": " aisle ",
				"querystring": "superDepartment=Bakery&department=Cakes%2c+Cake+Bars%2c+Slices+%26+Pies&aisle=Flapjacks+%26+Traybakes",
				"total": "1",
				"innerlevels": [{
					"name": "Flapjacks",
					"category": " shelf ",
					"querystring": "superDepartment=Bakery&department=Cakes%2c+Cake+Bars%2c+Slices+%26+Pies&aisle=Flapjacks+%26+Traybakes&shelf=Flapjacks",
					"total": "1"
				}]
			}]
		}, {
			"name": "Bakery Free From",
			"category": " department ",
			"querystring": "superDepartment=Bakery&department=Bakery+Free+From",
			"total": "17",
			"innerlevels": [{
				"name": "Free From Cakes & Cookies",
				"category": " aisle ",
				"querystring": "superDepartment=Bakery&department=Bakery+Free+From&aisle=Free+From+Cakes+%26+Cookies",
				"total": "17",
				"innerlevels": [{
					"name": "Free From Cakes",
					"category": " shelf ",
					"querystring": "superDepartment=Bakery&department=Bakery+Free+From&aisle=Free+From+Cakes+%26+Cookies&shelf=Free+From+Cakes",
					"total": "17"
				}]
			}]
		}, {
			"name": "From our Bakery",
			"category": " department ",
			"querystring": "superDepartment=Bakery&department=From+our+Bakery",
			"total": "11",
			"innerlevels": [{
				"name": "Sweet Treats from our Bakery",
				"category": " aisle ",
				"querystring": "superDepartment=Bakery&department=From+our+Bakery&aisle=Sweet+Treats+from+our+Bakery",
				"total": "7",
				"innerlevels": [{
					"name": "Cookies & Gingerbread from our Bakery",
					"category": " shelf ",
					"querystring": "superDepartment=Bakery&department=From+our+Bakery&aisle=Sweet+Treats+from+our+Bakery&shelf=Cookies+%26+Gingerbread+from+our+Bakery",
					"total": "7"
				}]
			}, {
				"name": "Croissants & Pastries from our Bakery",
				"category": " aisle ",
				"querystring": "superDepartment=Bakery&department=From+our+Bakery&aisle=Croissants+%26+Pastries+from+our+Bakery",
				"total": "2",
				"innerlevels": [{
					"name": "Single Croissants and Danish Pastries",
					"category": " shelf ",
					"querystring": "superDepartment=Bakery&department=From+our+Bakery&aisle=Croissants+%26+Pastries+from+our+Bakery&shelf=Single+Croissants+and+Danish+Pastries",
					"total": "1"
				}, {
					"name": "Multipack Croissants and Danish Pastries",
					"category": " shelf ",
					"querystring": "superDepartment=Bakery&department=From+our+Bakery&aisle=Croissants+%26+Pastries+from+our+Bakery&shelf=Multipack+Croissants+and+Danish+Pastries",
					"total": "1"
				}]
			}, {
				"name": "Doughnuts from our Bakery",
				"category": " aisle ",
				"querystring": "superDepartment=Bakery&department=From+our+Bakery&aisle=Doughnuts+from+our+Bakery",
				"total": "2",
				"innerlevels": [{
					"name": "Multipack Doughnuts",
					"category": " shelf ",
					"querystring": "superDepartment=Bakery&department=From+our+Bakery&aisle=Doughnuts+from+our+Bakery&shelf=Multipack+Doughnuts",
					"total": "1"
				}, {
					"name": "2 pack Doughnuts",
					"category": " shelf ",
					"querystring": "superDepartment=Bakery&department=From+our+Bakery&aisle=Doughnuts+from+our+Bakery&shelf=2+pack+Doughnuts",
					"total": "1"
				}]
			}]
		}, {
			"name": "Doughnuts, Cookies & Muffins",
			"category": " department ",
			"querystring": "superDepartment=Bakery&department=Doughnuts%2c+Cookies+%26+Muffins",
			"total": "11",
			"innerlevels": [{
				"name": "Cookies",
				"category": " aisle ",
				"querystring": "superDepartment=Bakery&department=Doughnuts%2c+Cookies+%26+Muffins&aisle=Cookies",
				"total": "8",
				"innerlevels": [{
					"name": "Cookies",
					"category": " shelf ",
					"querystring": "superDepartment=Bakery&department=Doughnuts%2c+Cookies+%26+Muffins&aisle=Cookies&shelf=Cookies",
					"total": "8"
				}]
			}, {
				"name": "Doughnuts",
				"category": " aisle ",
				"querystring": "superDepartment=Bakery&department=Doughnuts%2c+Cookies+%26+Muffins&aisle=Doughnuts",
				"total": "3",
				"innerlevels": [{
					"name": "Doughnuts",
					"category": " shelf ",
					"querystring": "superDepartment=Bakery&department=Doughnuts%2c+Cookies+%26+Muffins&aisle=Doughnuts&shelf=Doughnuts",
					"total": "3"
				}]
			}]
		}, {
			"name": "Croissants, Brioche & Pastries",
			"category": " department ",
			"querystring": "superDepartment=Bakery&department=Croissants%2c+Brioche+%26+Pastries",
			"total": "11",
			"innerlevels": [{
				"name": "Brioche",
				"category": " aisle ",
				"querystring": "superDepartment=Bakery&department=Croissants%2c+Brioche+%26+Pastries&aisle=Brioche",
				"total": "7",
				"innerlevels": [{
					"name": "Brioche",
					"category": " shelf ",
					"querystring": "superDepartment=Bakery&department=Croissants%2c+Brioche+%26+Pastries&aisle=Brioche&shelf=Brioche",
					"total": "7"
				}]
			}, {
				"name": "Croissants",
				"category": " aisle ",
				"querystring": "superDepartment=Bakery&department=Croissants%2c+Brioche+%26+Pastries&aisle=Croissants",
				"total": "2",
				"innerlevels": [{
					"name": "Croissants",
					"category": " shelf ",
					"querystring": "superDepartment=Bakery&department=Croissants%2c+Brioche+%26+Pastries&aisle=Croissants&shelf=Croissants",
					"total": "2"
				}]
			}, {
				"name": "Pain au Chocolat",
				"category": " aisle ",
				"querystring": "superDepartment=Bakery&department=Croissants%2c+Brioche+%26+Pastries&aisle=Pain+au+Chocolat",
				"total": "2",
				"innerlevels": [{
					"name": "Pain au Chocolat",
					"category": " shelf ",
					"querystring": "superDepartment=Bakery&department=Croissants%2c+Brioche+%26+Pastries&aisle=Pain+au+Chocolat&shelf=Pain+au+Chocolat",
					"total": "2"
				}]
			}]
		}, {
			"name": "Easter Cakes & Treats",
			"category": " department ",
			"querystring": "superDepartment=Bakery&department=Easter+Cakes+%26+Treats",
			"total": "5",
			"innerlevels": [{
				"name": "Easter Cakes",
				"category": " aisle ",
				"querystring": "superDepartment=Bakery&department=Easter+Cakes+%26+Treats&aisle=Easter+Cakes",
				"total": "3",
				"innerlevels": [{
					"name": "Easter Cupcakes and Cake Bites",
					"category": " shelf ",
					"querystring": "superDepartment=Bakery&department=Easter+Cakes+%26+Treats&aisle=Easter+Cakes&shelf=Easter+Cupcakes+and+Cake+Bites",
					"total": "3"
				}]
			}, {
				"name": "Hot Cross Buns",
				"category": " aisle ",
				"querystring": "superDepartment=Bakery&department=Easter+Cakes+%26+Treats&aisle=Hot+Cross+Buns",
				"total": "1",
				"innerlevels": [{
					"name": "Hot Cross Buns",
					"category": " shelf ",
					"querystring": "superDepartment=Bakery&department=Easter+Cakes+%26+Treats&aisle=Hot+Cross+Buns&shelf=Hot+Cross+Buns",
					"total": "1"
				}]
			}, {
				"name": "Easter Biscuits",
				"category": " aisle ",
				"querystring": "superDepartment=Bakery&department=Easter+Cakes+%26+Treats&aisle=Easter+Biscuits",
				"total": "1",
				"innerlevels": [{
					"name": "Easter Biscuits",
					"category": " shelf ",
					"querystring": "superDepartment=Bakery&department=Easter+Cakes+%26+Treats&aisle=Easter+Biscuits&shelf=Easter+Biscuits",
					"total": "1"
				}]
			}]
		}, {
			"name": "Teacakes, Fruit Loaves & Scones",
			"category": " department ",
			"querystring": "superDepartment=Bakery&department=Teacakes%2c+Fruit+Loaves+%26+Scones",
			"total": "2",
			"innerlevels": [{
				"name": "Hot Cross Buns",
				"category": " aisle ",
				"querystring": "superDepartment=Bakery&department=Teacakes%2c+Fruit+Loaves+%26+Scones&aisle=Hot+Cross+Buns",
				"total": "1",
				"innerlevels": [{
					"name": "Hot Cross Buns",
					"category": " shelf ",
					"querystring": "superDepartment=Bakery&department=Teacakes%2c+Fruit+Loaves+%26+Scones&aisle=Hot+Cross+Buns&shelf=Hot+Cross+Buns",
					"total": "1"
				}]
			}, {
				"name": "Fruit Loaves",
				"category": " aisle ",
				"querystring": "superDepartment=Bakery&department=Teacakes%2c+Fruit+Loaves+%26+Scones&aisle=Fruit+Loaves",
				"total": "1",
				"innerlevels": [{
					"name": "Fruit Loaves",
					"category": " shelf ",
					"querystring": "superDepartment=Bakery&department=Teacakes%2c+Fruit+Loaves+%26+Scones&aisle=Fruit+Loaves&shelf=Fruit+Loaves",
					"total": "1"
				}]
			}]
		}, {
			"name": "Crumpets, Muffins & Pancakes",
			"category": " department ",
			"querystring": "superDepartment=Bakery&department=Crumpets%2c+Muffins+%26+Pancakes",
			"total": "1",
			"innerlevels": [{
				"name": "Pancakes",
				"category": " aisle ",
				"querystring": "superDepartment=Bakery&department=Crumpets%2c+Muffins+%26+Pancakes&aisle=Pancakes",
				"total": "1",
				"innerlevels": [{
					"name": "Pancakes",
					"category": " shelf ",
					"querystring": "superDepartment=Bakery&department=Crumpets%2c+Muffins+%26+Pancakes&aisle=Pancakes&shelf=Pancakes",
					"total": "1"
				}]
			}]
		}]
	}, {
		"name": "Frozen Food",
		"category": " superDepartment ",
		"querystring": "superDepartment=Frozen+Food",
		"total": "75",
		"innerlevels": [{
			"name": "Ice Cream, Ice Lollies & Frozen Yoghurt",
			"category": " department ",
			"querystring": "superDepartment=Frozen+Food&department=Ice+Cream%2c+Ice+Lollies+%26+Frozen+Yoghurt",
			"total": "66",
			"innerlevels": [{
				"name": "Ice Cream Sticks",
				"category": " aisle ",
				"querystring": "superDepartment=Frozen+Food&department=Ice+Cream%2c+Ice+Lollies+%26+Frozen+Yoghurt&aisle=Ice+Cream+Sticks",
				"total": "21",
				"innerlevels": [{
					"name": "Mini Ice Cream Sticks",
					"category": " shelf ",
					"querystring": "superDepartment=Frozen+Food&department=Ice+Cream%2c+Ice+Lollies+%26+Frozen+Yoghurt&aisle=Ice+Cream+Sticks&shelf=Mini+Ice+Cream+Sticks",
					"total": "12"
				}, {
					"name": "Milk Chocolate Ice Cream Sticks",
					"category": " shelf ",
					"querystring": "superDepartment=Frozen+Food&department=Ice+Cream%2c+Ice+Lollies+%26+Frozen+Yoghurt&aisle=Ice+Cream+Sticks&shelf=Milk+Chocolate+Ice+Cream+Sticks",
					"total": "9"
				}]
			}, {
				"name": "Luxury & Indulgent Ice Cream Tubs",
				"category": " aisle ",
				"querystring": "superDepartment=Frozen+Food&department=Ice+Cream%2c+Ice+Lollies+%26+Frozen+Yoghurt&aisle=Luxury+%26+Indulgent+Ice+Cream+Tubs",
				"total": "18",
				"innerlevels": [{
					"name": "Vanilla & Chocolate Ice Cream Tubs",
					"category": " shelf ",
					"querystring": "superDepartment=Frozen+Food&department=Ice+Cream%2c+Ice+Lollies+%26+Frozen+Yoghurt&aisle=Luxury+%26+Indulgent+Ice+Cream+Tubs&shelf=Vanilla+%26+Chocolate+Ice+Cream+Tubs",
					"total": "9"
				}, {
					"name": "Caramel & Peanut Butter Ice Cream Tubs",
					"category": " shelf ",
					"querystring": "superDepartment=Frozen+Food&department=Ice+Cream%2c+Ice+Lollies+%26+Frozen+Yoghurt&aisle=Luxury+%26+Indulgent+Ice+Cream+Tubs&shelf=Caramel+%26+Peanut+Butter+Ice+Cream+Tubs",
					"total": "5"
				}, {
					"name": "Chocolate & Brownie Ice Cream Tubs",
					"category": " shelf ",
					"querystring": "superDepartment=Frozen+Food&department=Ice+Cream%2c+Ice+Lollies+%26+Frozen+Yoghurt&aisle=Luxury+%26+Indulgent+Ice+Cream+Tubs&shelf=Chocolate+%26+Brownie+Ice+Cream+Tubs",
					"total": "4"
				}]
			}, {
				"name": "Ice Cream Cones, Bars & Sandwiches",
				"category": " aisle ",
				"querystring": "superDepartment=Frozen+Food&department=Ice+Cream%2c+Ice+Lollies+%26+Frozen+Yoghurt&aisle=Ice+Cream+Cones%2c+Bars+%26+Sandwiches",
				"total": "16",
				"innerlevels": [{
					"name": "Chocolate Bar Ice Cream",
					"category": " shelf ",
					"querystring": "superDepartment=Frozen+Food&department=Ice+Cream%2c+Ice+Lollies+%26+Frozen+Yoghurt&aisle=Ice+Cream+Cones%2c+Bars+%26+Sandwiches&shelf=Chocolate+Bar+Ice+Cream",
					"total": "8"
				}, {
					"name": "Chocolate & Toffee Ice Cream Cones",
					"category": " shelf ",
					"querystring": "superDepartment=Frozen+Food&department=Ice+Cream%2c+Ice+Lollies+%26+Frozen+Yoghurt&aisle=Ice+Cream+Cones%2c+Bars+%26+Sandwiches&shelf=Chocolate+%26+Toffee+Ice+Cream+Cones",
					"total": "4"
				}, {
					"name": "Ice Cream Sandwiches",
					"category": " shelf ",
					"querystring": "superDepartment=Frozen+Food&department=Ice+Cream%2c+Ice+Lollies+%26+Frozen+Yoghurt&aisle=Ice+Cream+Cones%2c+Bars+%26+Sandwiches&shelf=Ice+Cream+Sandwiches",
					"total": "2"
				}, {
					"name": "Confectionary & Vanilla Ice Cream Cones",
					"category": " shelf ",
					"querystring": "superDepartment=Frozen+Food&department=Ice+Cream%2c+Ice+Lollies+%26+Frozen+Yoghurt&aisle=Ice+Cream+Cones%2c+Bars+%26+Sandwiches&shelf=Confectionary+%26+Vanilla+Ice+Cream+Cones",
					"total": "1"
				}, {
					"name": "Fruit & Strawberry Ice Cream Cones",
					"category": " shelf ",
					"querystring": "superDepartment=Frozen+Food&department=Ice+Cream%2c+Ice+Lollies+%26+Frozen+Yoghurt&aisle=Ice+Cream+Cones%2c+Bars+%26+Sandwiches&shelf=Fruit+%26+Strawberry+Ice+Cream+Cones",
					"total": "1"
				}]
			}, {
				"name": "Soft Scoop Ice Cream, Desserts & Choc Ices",
				"category": " aisle ",
				"querystring": "superDepartment=Frozen+Food&department=Ice+Cream%2c+Ice+Lollies+%26+Frozen+Yoghurt&aisle=Soft+Scoop+Ice+Cream%2c+Desserts+%26+Choc+Ices",
				"total": "6",
				"innerlevels": [{
					"name": "Choc Ices",
					"category": " shelf ",
					"querystring": "superDepartment=Frozen+Food&department=Ice+Cream%2c+Ice+Lollies+%26+Frozen+Yoghurt&aisle=Soft+Scoop+Ice+Cream%2c+Desserts+%26+Choc+Ices&shelf=Choc+Ices",
					"total": "5"
				}, {
					"name": "Soft Scoop Ice Cream",
					"category": " shelf ",
					"querystring": "superDepartment=Frozen+Food&department=Ice+Cream%2c+Ice+Lollies+%26+Frozen+Yoghurt&aisle=Soft+Scoop+Ice+Cream%2c+Desserts+%26+Choc+Ices&shelf=Soft+Scoop+Ice+Cream",
					"total": "1"
				}]
			}, {
				"name": "Family Ice Cream Tubs",
				"category": " aisle ",
				"querystring": "superDepartment=Frozen+Food&department=Ice+Cream%2c+Ice+Lollies+%26+Frozen+Yoghurt&aisle=Family+Ice+Cream+Tubs",
				"total": "4",
				"innerlevels": [{
					"name": "Cornish Ice Cream Tubs",
					"category": " shelf ",
					"querystring": "superDepartment=Frozen+Food&department=Ice+Cream%2c+Ice+Lollies+%26+Frozen+Yoghurt&aisle=Family+Ice+Cream+Tubs&shelf=Cornish+Ice+Cream+Tubs",
					"total": "4"
				}]
			}, {
				"name": "Mini Ice Cream Pots",
				"category": " aisle ",
				"querystring": "superDepartment=Frozen+Food&department=Ice+Cream%2c+Ice+Lollies+%26+Frozen+Yoghurt&aisle=Mini+Ice+Cream+Pots",
				"total": "1",
				"innerlevels": [{
					"name": "Mini Ice Cream Pots",
					"category": " shelf ",
					"querystring": "superDepartment=Frozen+Food&department=Ice+Cream%2c+Ice+Lollies+%26+Frozen+Yoghurt&aisle=Mini+Ice+Cream+Pots&shelf=Mini+Ice+Cream+Pots",
					"total": "1"
				}]
			}]
		}, {
			"name": "Frozen Desserts, Fruit & Pastry",
			"category": " department ",
			"querystring": "superDepartment=Frozen+Food&department=Frozen+Desserts%2c+Fruit+%26+Pastry",
			"total": "8",
			"innerlevels": [{
				"name": "Frozen Desserts",
				"category": " aisle ",
				"querystring": "superDepartment=Frozen+Food&department=Frozen+Desserts%2c+Fruit+%26+Pastry&aisle=Frozen+Desserts",
				"total": "8",
				"innerlevels": [{
					"name": "Frozen Cakes & Gateau",
					"category": " shelf ",
					"querystring": "superDepartment=Frozen+Food&department=Frozen+Desserts%2c+Fruit+%26+Pastry&aisle=Frozen+Desserts&shelf=Frozen+Cakes+%26+Gateau",
					"total": "5"
				}, {
					"name": "Frozen Pies, Puds & Crumbles",
					"category": " shelf ",
					"querystring": "superDepartment=Frozen+Food&department=Frozen+Desserts%2c+Fruit+%26+Pastry&aisle=Frozen+Desserts&shelf=Frozen+Pies%2c+Puds+%26+Crumbles",
					"total": "2"
				}, {
					"name": "Frozen Cheesecake",
					"category": " shelf ",
					"querystring": "superDepartment=Frozen+Food&department=Frozen+Desserts%2c+Fruit+%26+Pastry&aisle=Frozen+Desserts&shelf=Frozen+Cheesecake",
					"total": "1"
				}]
			}]
		}, {
			"name": "Frozen Sausage Rolls & Party Food",
			"category": " department ",
			"querystring": "superDepartment=Frozen+Food&department=Frozen+Sausage+Rolls+%26+Party+Food",
			"total": "1",
			"innerlevels": [{
				"name": "Frozen Sausage Rolls & Party Food",
				"category": " aisle ",
				"querystring": "superDepartment=Frozen+Food&department=Frozen+Sausage+Rolls+%26+Party+Food&aisle=Frozen+Sausage+Rolls+%26+Party+Food",
				"total": "1",
				"innerlevels": [{
					"name": "Frozen Sausage Rolls & Party Food",
					"category": " shelf ",
					"querystring": "superDepartment=Frozen+Food&department=Frozen+Sausage+Rolls+%26+Party+Food&aisle=Frozen+Sausage+Rolls+%26+Party+Food&shelf=Frozen+Sausage+Rolls+%26+Party+Food",
					"total": "1"
				}]
			}]
		}]
	}, {
		"name": "Health & Beauty",
		"category": " superDepartment ",
		"querystring": "superDepartment=Health+%26+Beauty",
		"total": "2",
		"innerlevels": [{
			"name": "Healthy Lifestyle",
			"category": " department ",
			"querystring": "superDepartment=Health+%26+Beauty&department=Healthy+Lifestyle",
			"total": "2",
			"innerlevels": [{
				"name": "Healthy Eating",
				"category": " aisle ",
				"querystring": "superDepartment=Health+%26+Beauty&department=Healthy+Lifestyle&aisle=Healthy+Eating",
				"total": "2",
				"innerlevels": [{
					"name": "Plant Protein Powders & Bars",
					"category": " shelf ",
					"querystring": "superDepartment=Health+%26+Beauty&department=Healthy+Lifestyle&aisle=Healthy+Eating&shelf=Plant+Protein+Powders+%26+Bars",
					"total": "1"
				}, {
					"name": "Superfoods",
					"category": " shelf ",
					"querystring": "superDepartment=Health+%26+Beauty&department=Healthy+Lifestyle&aisle=Healthy+Eating&shelf=Superfoods",
					"total": "1"
				}]
			}]
		}]
	}],
	"Filters": [{
		"name": "New Products",
		"count": 65,
		"querystring": "new"
	}, {
		"name": "Special Offers",
		"count": 374,
		"querystring": "offer"
	}]
}